2926 4996
374 371 593 439 Hebdomada
607 371 647 437 r‘a'.
667 372 945 459 Quadroaesa'aaa.
1224 380 1264 443 ol

121 543 255 599 Tractus,

118 623 210 680 Dixit
230 621 378 680 Dominus
402 620 520 679 mulieri
541 620 715 692 Ohananeae,
738 621 809 679 Non
830 627 875 680 est
893 622 1006 680 bonum
1026 642 1141 682 sumere
1161 643 1267 701 penem

55 704 204 761 filiorum:
227 709 258 760 et
271 703 390 761 mittere
404 703 526 760 canibus
539 703 577 759 ad
591 703 837 760 manducandum.

62 786 92 844 V.
120 786 167 843 At
187 784 240 841 illa
260 783 347 857 dixit,
362 783 473 854 Etiam,
494 782 632 854 Domine,
653 803 722 840 nam
745 790 776 841 et
799 783 898 841 catelli
918 783 1011 842 edunt
1035 785 1071 843 de
1093 786 1176 844 micis
1200 807 1266 862 quae

55 866 170 924 cedunt
184 866 220 923 de
233 884 335 922 mensa
348 865 536 922 dominorum
550 882 678 921 suorum.

62 947 92 1007 V.
121 948 178 1005 Ait
192 946 238 1003 illi
251 946 348 1017 lesus,
365 945 391 1003 Ο
406 945 521 1016 mulier,
536 965 642 1020 magna
656 950 701 1003 est
713 944 784 1002 fides
798 951 868 1003 tua:
889 945 942 1003 fiat
955 946 1014 1004 tibi
1026 947 1104 1005 sicut
1117 942 1227 1024 petisti.

118 1028 287 1086 Secundam
300 1026 476 1084 Mattboeara
496 1026 557 1102 (ao.
576 1027 691 1103 21-28).

119 1109 159 1166 In
179 1108 232 1165 illo
251 1114 392 1184 tempore,
415 1106 557 1184 Egressus
577 1106 665 1164 Jesus
686 1107 722 1164 de
744 1106 956 1179 Gennesareth,
978 1108 1095 1165 secessit
1114 1109 1148 1166 in
1167 1115 1266 1186 partes

56 1189 132 1266 Tyri
145 1196 175 1247 et
190 1188 315 1246 Sidonie
359 1188 400 1245 Et
421 1207 485 1245 ecce
506 1187 613 1244 mulier
627 1187 793 1246 Obananaea
813 1208 904 1263 aeque
918 1190 959 1245 ad
975 1188 1016 1247 Et
1029 1195 1133 1248 senata
1146 1196 1192 1248 est
1204 1191 1266 1249 filia

56 1272 122 1348 ejus
136 1291 175 1329 ex
188 1271 241 1327 ille
254 1270 334 1326 hora

122 1351 315 1425 Offertoodam.

118 1432 290 1490 Meditebor
302 1431 336 1487 in
350 1429 497 1488 mandatis
511 1430 580 1503 tum,
595 1449 661 1506 quoe
675 1430 767 1488 dilexi
780 1430 884 1488 valde:
907 1437 937 1488 et
951 1431 1054 1489 levabo
1068 1451 1173 1490 manue
1186 1453 1266 1491 meas

55 1513 94 1572 ad
109 1513 252 1570 mandata
264 1518 327 1583 tue,
341 1531 407 1588 quae
421 1511 520 1570 dilexi.

118 1594 241 1653 Secreta.
1163 1636 1166 1644 .

119 1674 275 1733 Sacrifieiis
295 1673 498 1750 praesentibus,
513 1672 649 1744 Domine,
670 1692 846 1748 quaesumuS,
867 1673 988 1731 intende
1009 1674 1159 1750 placatus:
1180 1682 1266 1733 utet

55 1756 210 1815 devotioni
224 1760 332 1812 nostrae
346 1755 503 1831 proficiant
516 1759 547 1810 et
561 1753 658 1810 saluti.
702 1754 760 1811 Per
774 1753 945 1813 Dominum.

120 1837 303 1896 Garamante.
1185 1892 1186 1897 ,

117 1917 259 1994 Intellige
280 1916 436 1982 clamorem
456 1936 572 1973 meum:
593 1914 715 1972 intende
728 1914 794 1972 roei
815 1914 956 1973 orationis
976 1936 1056 1988 meae,
1073 1937 1127 1974 rex
1139 1937 1222 1975 meus
1236 1924 1267 1976 et

56 2001 142 2059 Deus
155 2018 238 2056 meus
251 2020 257 2057 :
279 1998 419 2074 quoniam
433 1997 470 2054 ed
484 2002 514 2054 te
528 1997 626 2068 orabo,
641 1996 777 2054 Domine.

117 2080 362 2138 Postcaaacano'a

117 2161 271 2238 Supplices
291 2166 322 2217 te
344 2179 490 2236 rogamus,
513 2157 698 2234 omnipotens
722 2158 813 2229 Deus,
828 2163 863 2214 ut
884 2177 957 2232 quos
977 2158 1038 2215 tuis
1058 2160 1153 2217 reficis
1173 2179 1265 2217 sacra-

53 2242 176 2314 mentis,
194 2242 252 2299 tibi
272 2241 363 2298 etiam
382 2240 500 2317 placitis
520 2239 651 2297 moribus
672 2239 830 2315 dignanter
850 2238 997 2296 deservire
1017 2241 1164 2298 concedas,
1208 2241 1267 2298 Per

55 2323 231 2382 Dominum
560 2349 561 2352 =

522 2466 625 2524 Fran
646 2466 798 2524 Snconne.

119 2566 261 2642 Officium.

118 2649 245 2706 Redime
259 2666 315 2719 me,
330 2645 468 2718 Domine,
483 2650 514 2703 et
534 2645 671 2703 miserere
691 2645 768 2702 mei:
789 2664 840 2722 pes
861 2644 940 2703 enim
961 2664 1044 2704 meus
1064 2647 1150 2705 stetit
1170 2648 1203 2706 in
1217 2650 1266 2706 vie

55 2737 148 2800 recta,
162 2730 195 2786 in
209 2728 337 2786 eeclesiis
351 2727 523 2785 benedicam
537 2726 709 2789 Dominum.

118 2811 267 2868 Psalmae.

117 2892 140 2950 J
141 2892 229 2949 udica
242 2910 297 2962 me,
315 2888 452 2961 Domine,
467 2889 607 2965 quoniam
621 2907 675 2964 ego
695 2887 728 2945 in
749 2887 920 2946 innocentie
938 2908 1003 2946 mea
1020 2889 1168 2967 ingressus
1182 2911 1267 2949 sum:

56 2982 87 3032 et
100 2973 135 3030 in
149 2972 281 3031 Domino
294 2990 424 3047 sperone,
439 2989 500 3028 non
513 2969 693 3026 infirmabor.

120 3054 231 3112 Oratio.

118 3135 242 3205 Praesta,
254 3153 431 3209 quaesumus,
443 3132 629 3208 omnipotens
644 3131 734 3202 Deus,
745 3136 780 3187 ut
794 3129 908 3188 familia
920 3138 974 3188 tua
988 3151 1053 3207 quee
1067 3152 1098 3189 se
1111 3134 1266 3210 affligendo

61 3235 176 3273 earnem
189 3215 228 3273 ab
249 3213 399 3272 elimentis
419 3213 558 3286 abstinet,
572 3211 712 3270 sectando
730 3212 880 3288 justitiam
900 3232 918 3269 a
938 3213 1024 3289 oulpa
1042 3213 1166 3290 jejunet.
1209 3215 1271 3273 Per

66 3296 231 3355 Dominum.
1268 3312 1271 3317 ‘

119 3378 215 3436 Lectio
229 3376 366 3433 Danielis
380 3375 529 3451 Propheta
543 3375 597 3451 (ia.
617 3373 723 3451 15-19)

123 3459 160 3516 In
182 3459 288 3515 diebus
308 3457 377 3529 illis,
395 3456 501 3514 Oravit
521 3455 630 3513 Daniel
650 3454 688 3513 ad
709 3455 881 3526 Dominum,
897 3454 1015 3513 dicens:
1036 3455 1164 3513 Domine
1185 3457 1267 3514 Deus

71 3545 159 3598 noster
171 3559 263 3614 aeque
277 3539 318 3596 ad
338 3557 426 3614 super
439 3537 591 3596 civitatem
612 3541 643 3595 et
663 3555 751 3612 super
770 3535 914 3613 populum
930 3543 1026 3607 tuum,
1043 3537 1170 3595 Domine
1185 3538 1268 3595 Deus

75 3628 167 3679 noster.

125 3701 257 3759 Gradale.
271 3711 272 3714 ’

123 3783 255 3858 Adjutor
268 3801 352 3839 mens
365 3786 396 3839 et
409 3780 549 3839 liberator
562 3799 645 3837 meus
659 3783 730 3850 esto,
746 3778 893 3836 Domine:
913 3797 951 3835 ne
965 3778 1135 3837 tardaveris.

10 3914 13 3925 .
86 3856 108 3917 V·
126 3863 352 3921 (lonfundantur
379 3867 410 3920 et
436 3867 629 3920 revereantur
652 3860 765 3917 inimici
786 3859 863 3917 mei:
892 3859 945 3936 qui
971 3865 1111 3936 quaerunt
1137 3860 1267 3918 animam

84 3954 164 4003 neem.

128 4024 289 4083 Secundam
303 4023 330 4080 J
327 4023 469 4082 ohannem
481 4023 499 4100 (
499 4024 560 4081 eiii.
577 4021 692 4100 21-29).

129 4103 162 4163 In
181 4107 233 4164 illo
254 4112 395 4182 tempore,
411 4105 500 4163 Dixit
520 4104 542 4163 J
543 4124 608 4162 esus
629 4102 725 4160 turbis
745 4102 768 4160 J
769 4102 920 4159 udaeorum
930 4122 939 4174 3
959 4101 1024 4179 Ego
1038 4103 1123 4177 vado,
1138 4109 1170 4161 et
1190 4124 1267 4180 quoe-

87 4182 141 4240 retis
151 4205 193 4245 me
206 4208 298 4262 aeque
312 4188 353 4244 ad
366 4186 436 4263 quia
449 4206 503 4263 ego
517 4205 582 4261 quae
595 4184 705 4261 placita
719 4191 790 4241 sunt
803 4183 838 4253 ei,
852 4183 928 4240 facio
942 4202 1063 4260 semper.

135 4264 317 4339 offertorium.

134 4343 299 4407 Benedicam
326 4348 490 4406 Dominum
519 4346 572 4424 qui
598 4345 673 4403 mihi
702 4345 809 4403 tribuit
836 4345 1042 4404 intellectum:
1076 4347 1266 4422 providebam

92 4415 164 4484 Deum
181 4431 213 4488 in
231 4435 389 4508 conspeetu
409 4449 475 4488 meo
496 4447 618 4505 semper,
633 4429 773 4505 quoniam
793 4447 811 4484 a
833 4427 947 4485 dextris
969 4433 1014 4486 est
1035 4428 1117 4502 mihi,
1133 4448 1170 4485 ne
1192 4448 1267 4486 eom-

92 4514 190 4569 movear,
889 4524 893 4531 ·
1256 4533 1259 4537 ·
