2926 4996
200 382 271 444 xlvi
730 375 867 460 Regula.

238 547 295 605 Sed
309 546 449 622 quoniam
463 544 574 601 orantis
594 563 653 600 non
675 549 719 599 est
739 543 811 599 satis
831 543 967 600 divinum
992 544 1128 601 affectare
1149 545 1324 615 subsidium,
1340 547 1400 604 nisi

199 628 347 704 proprium
374 626 455 701 prius
479 630 663 701 recognoscat
688 623 833 679 defectum
858 631 888 680 et
912 624 1060 697 delictum,
1086 625 1151 683 ideo
1175 625 1310 697 Missam,
1337 647 1400 703 quae

198 709 366 765 orationum
383 707 529 783 praecipua
542 712 596 777 est,
611 706 697 761 debet
712 705 874 779 praecedere
892 705 928 762 de
951 705 1065 762 omissis
1087 713 1118 763 et
1141 707 1304 764 commissis
1317 727 1400 784 gene-

198 789 268 846 ralis
292 788 440 859 confessio,
463 787 610 856 contritio,
635 791 725 859 atque
747 784 850 842 saltem
880 786 913 841 in
936 787 1085 862 proposito
1107 787 1286 862 satisfactio,
1322 790 1400 846 unde

198 870 315 927 noverit
338 869 478 940 sacerdos
503 867 581 943 quod
605 866 630 922 si
654 886 720 922 cum
744 867 921 922 conscientia
944 873 1023 923 certa
1047 866 1095 924 vel
1115 868 1261 943 probabili
1288 871 1400 945 peccati

197 950 329 1006 mortalis
351 949 475 1006 Missam
491 949 627 1018 celebret,
642 946 753 1022 triplex
771 947 809 1003 ad
829 948 927 1003 minus
947 948 1070 1005 mortale
1090 955 1241 1023 peccatum
1262 950 1397 1007 inciurit.

198 1031 342 1102 Primum,
369 1031 438 1105 quia
461 1029 600 1104 indignus
623 1028 774 1103 praesumit
798 1028 938 1085 accedere.
983 1028 1158 1101 Secundum,
1174 1022 1243 1105 q'uia
1260 1031 1399 1106 indignus
1433 1049 1436 1052 ⁴

86 1125 89 1133 '
197 1113 350 1188 praesumit
373 1131 453 1168 sacra
475 1116 602 1166 tractare
626 1128 794 1183 sacramque
818 1108 945 1166 hostiam
965 1109 1112 1167 conficere.
1155 1110 1301 1183 Tertium,
1332 1112 1399 1188 quia

198 1213 302 1267 corpus
317 1193 430 1248 Ohristi
443 1197 473 1247 et
486 1191 659 1266 sangumem
672 1190 793 1265 indigne
817 1195 847 1246 et
871 1190 909 1246 ad
929 1189 1077 1264 judicium
1098 1191 1154 1247 sibi
1177 1211 1238 1248 non
1258 1191 1399 1248 formidat

198 1275 334 1348 accipere.
379 1273 565 1347 Quapropter
579 1290 644 1327 cum
659 1291 689 1327 se
703 1271 740 1326 ad
755 1270 879 1326 Missam
893 1270 1096 1328 celebrandam
1111 1272 1248 1347 disponit,
1265 1292 1282 1329 a
1298 1273 1400 1329 muud-

198 1355 263 1410 anis
278 1362 307 1410 et
322 1353 406 1409 vanis
420 1352 637 1428 operationibus
663 1358 693 1408 et
713 1351 941 1426 cogitationibus
963 1356 1107 1426 quantum
1120 1359 1217 1428 potest
1242 1354 1398 1424 abstineat,
1452 1402 1457 1412 .

198 1440 267 1491 etse
282 1440 388 1503 totum,
400 1434 431 1489 id
439 1439 483 1489 est
494 1453 546 1489 sua
557 1432 641 1504 facta,
654 1432 806 1507 recolligat
820 1453 825 1488 :
847 1438 877 1488 et
887 1433 1067 1488 sacerdotem
1077 1433 1177 1489 adiens
1188 1434 1398 1490 conscientiam

197 1535 288 1586 suam,
304 1515 382 1571 facta
395 1534 448 1571 sua
461 1514 683 1584 manifestanda
699 1533 747 1569 ore
761 1513 879 1587 proprio
893 1519 1017 1585 accuset,
1039 1519 1141 1588 petens
1161 1514 1398 1572 benedictionem

196 1603 227 1652 et
240 1595 460 1652 absolutionem.
504 1595 545 1650 Et
566 1595 728 1651 notandum
749 1599 793 1649 est
817 1600 961 1668 quantum
985 1594 1023 1649 ad
1046 1594 1169 1651 formam
1194 1595 1397 1667 absolutionis,

197 1677 266 1751 quia
280 1677 414 1752 quaedam
427 1675 585 1732 verborum
599 1674 857 1750 multiplicationes
871 1674 942 1731 satis
957 1675 1049 1731 solitae
1063 1674 1121 1731 dici
1136 1682 1398 1753 quantumcunque

195 1758 234 1813 ad
247 1757 432 1813 devotionem
445 1757 579 1826 incitent,
591 1762 626 1812 ut
636 1755 742 1812 volunt
755 1755 888 1812 doctores
902 1761 933 1812 et
941 1757 1093 1830 signanter
1108 1755 1252 1832 Magister
1266 1757 1288 1814 J
1289 1776 1398 1814 oannes

195 1837 232 1894 de
247 1837 384 1908 Gersono,
400 1838 495 1894 tutius
509 1837 702 1893 dimittuntur
715 1856 802 1911 quam
817 1836 1014 1911 proferuntur.

238 1918 298 1975 His
319 1918 362 1975 ita
385 1919 510 1994 peractis
532 1924 562 1974 et
578 1917 752 1993 poenitentia
771 1917 913 1991 injuncta,
936 1917 962 1974 si
981 1917 1045 1988 sibi,
1067 1916 1251 1994 ante(quam)
1274 1918 1399 1976 Missam

196 1999 335 2075 perficiat,
351 1998 465 2078 (fuerit)
482 2000 660 2074 injunctum,
685 1997 828 2072 completa
852 2018 919 2054 cum
943 1998 1120 2055 contritione
1143 2005 1173 2055 et
1197 2000 1349 2074 proposito
1363 1999 1398 2056 de

197 2080 401 2137 satisfaciendo
412 2081 448 2137 de
456 2080 502 2136 his
511 2088 541 2137 et
552 2079 598 2135 his
609 2079 715 2155 quibus
725 2084 852 2149 tenetur,
864 2079 943 2134 dicat
953 2079 1081 2154 primum
1092 2078 1119 2134 J
1116 2079 1205 2136 adice
1213 2100 1258 2138 vvcc
1269 2081 1358 2152 Deus,
1369 2086 1399 2137 et

195 2166 292 2218 cetera
305 2162 444 2237 suffragia
460 2181 525 2236 quae
547 2161 605 2217 dici
629 2161 723 2217 solent
748 2165 816 2216 ante
840 2159 972 2217 Missam.
1017 2160 1089 2217 Post
1113 2160 1239 2218 Missam
1261 2161 1399 2218 similiter

195 2243 304 2318 gratias
318 2249 386 2319 agat
406 2244 478 2300 Deo,
1089 2245 1091 2250 ’

703 2654 887 2713 REGULA.

257 2805 413 2861 Dominica
425 2805 521 2879 prima
534 2805 692 2862 Adventus
711 2805 842 2876 Domini,
858 2812 976 2880 peracta
996 2807 1188 2881 processione,
1203 2806 1276 2862 dum
1297 2806 1399 2864 Tertia

195 2892 342 2958 cantatur,
363 2886 512 2942 Executor
533 2886 630 2943 Officii
649 2892 679 2942 et
700 2887 746 2942 sui
766 2886 901 2942 Ministri
921 2888 958 2944 ad
983 2886 1107 2944 Missam
1126 2886 1281 2944 dicendam
1301 2906 1332 2944 se
1352 2887 1398 2945 in-

195 2967 307 3037 duant,
336 2972 366 3023 et
388 2973 488 3041 postea
512 2974 581 3023 ante
606 2987 774 3042 supremum
801 2968 925 3043 gradum
947 2968 1063 3025 Altaris
1084 2969 1147 3044 ipse
1169 2967 1309 3025 Sacerdos
1329 2987 1399 3025 cum

196 3048 328 3104 Diacono
342 3068 359 3103 a
374 3048 485 3103 dextris
503 3054 534 3104 et
552 3048 735 3105 Subdiacono
749 3068 767 3104 a
781 3049 909 3105 sinistris
929 3049 1008 3106 dicat
1031 3047 1178 3123 Confiteor,
1195 3055 1226 3106 et
1239 3055 1345 3121 cetera,
1361 3055 1400 3106 ut

195 3128 273 3184 infra
286 3134 409 3184 notatur
423 3135 493 3185 ante
508 3128 657 3186 Oenonem
672 3130 779 3186 Missae.

256 3208 308 3266 Ad
322 3209 451 3267 Missam.
497 3210 650 3268 Officium·
683 3209 732 3266 Ad
749 3220 773 3267 te
793 3211 883 3268 bacci
896 3211 1029 3267 coriticam
1045 3231 1146 3282 anana,
1163 3217 1193 3268 et
1207 3216 1312 3282 cetera,
1328 3230 1397 3268 cum

195 3289 322 3362 Psalm0,
355 3289 423 3347 Viae
451 3300 525 3362 tuus,
555 3291 687 3362 Domine,
716 3293 881 3348 devvvonslvc
904 3291 986 3362 racilii,
1012 3298 1042 3348 et
1070 3298 1173 3348 cetera.
1230 3292 1397 3369 Repetatur
1436 3354 1439 3363 ,

195 3372 341 3443 Officium,
358 3377 388 3427 et
404 3377 505 3446 postea
518 3371 634 3428 dicatur
649 3371 750 3428 Gloria
764 3373 853 3428 Patri
867 3378 897 3428 et
910 3372 993 3430 Sicut
1007 3381 1075 3430 erut.
1113 3372 1228 3429 Deinde
1242 3377 1395 3448 repetatur

195 3453 352 3523 Officium3
372 3458 402 3508 et
415 3452 470 3509 hoc
483 3472 536 3527 per
548 3459 646 3508 totum
659 3472 771 3508 annum
785 3455 957 3509 observetur
969 3454 1001 3509 in
1016 3452 1190 3524 Dominicis
1207 3459 1236 3510 et
1258 3453 1292 3510 in
1313 3451 1395 3511 omni

195 3534 324 3591 Servitio
341 3533 462 3608 Duplici
484 3534 545 3589 sive
568 3532 701 3608 Simplici
722 3553 827 3590 novem
851 3534 1034 3605 Lectionum,
1051 3539 1081 3591 et
1094 3535 1127 3590 in
1140 3534 1237 3590 Festis
1256 3553 1321 3610 quse
1341 3551 1394 3610 pro

195 3614 291 3670 Festis
312 3634 419 3671 novem
439 3614 614 3669 Lectionum
635 3614 791 3686 habentur,
806 3620 868 3670 tam
887 3615 923 3671 de
944 3614 1111 3690 Temporali
1128 3633 1217 3689 quam
1239 3615 1277 3672 de
1297 3613 1396 3677 Festis

194 3695 379 3768 Sanctorum,
392 3702 422 3752 ct
432 3701 516 3751 sexta
526 3696 573 3751 die
583 3715 601 3751 a
611 3695 779 3751 Nativitate
794 3694 924 3766 Domini,
937 3715 1111 3771 quocrmque
1124 3695 1171 3752 die
1186 3694 1353 3772 contigerit,
1364 3698 1396 3753 et

194 3775 301 3850 quinta
328 3783 357 3832 et
384 3782 468 3833 sexta
495 3782 525 3834 et
553 3776 679 3832 Sabbato
710 3774 957 3832 hebdomadarum
991 3776 1110 3832 Paschae
1137 3781 1168 3832 et
1195 3775 1395 3849 Pentecosten,

194 3860 317 3931 excepto
339 3876 357 3912 a
379 3856 536 3914 Dominica
557 3858 589 3912 in
612 3856 750 3913 Passione
772 3858 923 3932 usquead
944 3858 1054 3914 Oenam
1076 3856 1208 3929 Domini,
1224 3857 1344 3932 quando
1357 3856 1408 3936 ἂρ

195 3936 362 4012 Temporali
375 3937 481 4011 agitur,
497 3939 573 3995 etin
587 3938 861 3994 commemoratione
878 3939 1050 3995 animarum.

254 4017 348 4091 Kyric
362 4017 471 4091 eleyson
484 4024 536 4076 ter.
566 4017 690 4077 'Christe
704 4018 814 4093 eleyson
826 4026 879 4076 ter.
925 4019 1019 4094 Kyric
1033 4019 1143 4094 eleyson
1156 4023 1208 4076 ter.

255 4097 326 4155 Non
340 4097 448 4153 dicitur
470 4097 570 4156 Gloria
589 4101 624 4156 in
643 4099 755 4157 excelsis
774 4120 827 4176 per
845 4106 944 4157 totum
965 4100 1140 4157 Adventum
1158 4099 1194 4157 de
1217 4101 1394 4177 quocunque

192 4178 303 4236 dicitur
323 4178 422 4235 Missa.
1344 4184 1347 4193 '
1401 4254 1404 4259 ,

254 4259 365 4316 Oratio,
408 4258 521 4330 Eccita,
544 4260 675 4333 Domine,
692 4263 854 4336 poteritisne
875 4271 965 4332 lucin,
987 4267 1018 4319 et
1038 4267 1140 4319 cetera.
1189 4261 1337 4320 Memoria
1356 4252 1393 4327 ds

193 4345 295 4397 sancta
319 4339 424 4396 Maria,
488 4339 599 4398 Oratio.
663 4342 751 4413 Deus,
777 4343 830 4417 qui
853 4344 887 4400 dc
911 4343 998 4400 bcctae
1021 4341 1135 4400 Murice.
1199 4342 1316 4400 Deinde
1335 4340 1394 4400 <fiae

194 4421 365 4478 memoratio
386 4421 422 4477 de
442 4426 542 4477 sancto
560 4422 691 4494 Andrea,
707 4425 733 4480 si
746 4430 815 4480 ante
828 4423 1003 4480 Adventum
1021 4423 1154 4482 evenerit
1171 4423 1234 4499 ejus
1251 4422 1374 4483 Festum
1382 4440 1393 4495 3

193 4503 242 4560 vel
255 4503 291 4560 de
305 4503 441 4560 omnibus
462 4501 586 4574 Sanctis,
600 4503 710 4561 scilicet
732 4503 928 4563 Conscientiae
935 4526 948 4574 ,·
976 4504 1024 4562 vel
1047 4524 1101 4581 pro
1123 4523 1194 4581 pace
1217 4502 1393 4562 universalis
