2926 4996
137 334 201 394 224
418 334 513 398 Dona
537 333 580 399 te.
599 342 675 419 post
700 337 834 402 Octavus
855 338 1063 405 Pentecostea

622 568 723 626 Fama
743 569 850 628 Snxna

196 695 292 753 Lectio
306 696 381 753 beati
394 695 421 750 J
419 697 542 754 ohannis
556 696 688 773 Apostol'
704 699 738 774 (l
754 700 799 756 iii.
817 700 891 778 1-3)

197 777 348 834 Uerissimi
359 800 365 834 :
379 777 491 834 Videte
505 785 647 854 quantam
657 780 811 837 caritatem
822 781 904 838 dedit
917 782 1002 839 nobis
1015 803 1106 858 usque
1120 785 1161 841 ad
1174 786 1336 845 sanctificat

136 878 174 929 se,
190 858 266 914 sicut
280 864 311 914 et
323 858 374 914 ille
388 868 507 916 sanctus
521 866 573 916 est.

195 954 363 1012 Secundum
377 954 514 1013 Marcam
527 957 584 1031 (xi.
603 958 716 1035 15-23).

194 1037 234 1092 ln
254 1037 306 1093 illo
327 1043 466 1112 tempore,
489 1038 566 1095 (lum
586 1038 736 1096 introisset
756 1040 845 1097 Jesus
865 1039 1104 1116 Hierosolymam
1131 1043 1165 1100 in
1192 1045 1333 1121 templum

134 1136 224 1192 usque
238 1119 278 1174 ad
291 1119 485 1194 quodcunque
499 1119 608 1175 dixerit
621 1121 673 1177 fiet
686 1120 721 1179 ei.

336 1354 496 1411 Donnes
517 1353 647 1421 Qunam
667 1369 739 1410 ross
760 1353 901 1412 Ocnavns
922 1355 1141 1415 Pnnrnoosrss.

195 1473 342 1612 gſjoiiiiiiuis
365 1554 545 1610 illuminatio
569 1574 651 1612 mea:
679 1562 709 1612 et
730 1556 808 1613 salus
829 1576 903 1628 mea,
925 1576 1013 1632 quem
1036 1557 1167 1616 timebo?
1188 1559 1330 1618 Dominus

134 1637 268 1693 defensor
281 1636 351 1692 vitae
365 1655 444 1706 meae,
460 1655 478 1691 a
492 1655 549 1711 quo
563 1636 735 1711 trepidabo?
755 1638 808 1713 qui
827 1637 974 1695 tribulant
994 1658 1041 1695 me
1061 1640 1178 1698 inimici
1195 1643 1273 1700 mei:
1291 1644 1329 1699 in·

134 1718 244 1774 firmati
258 1723 328 1773 sunt
342 1723 372 1773 et
386 1717 560 1773 ceciderunt.

194 1810 339 1867 Psalmua

195 1892 227 1949 si
241 1891 403 1948 consistant
416 1891 573 1946 adversum
587 1909 634 1946 me
648 1896 760 1949 castra:
781 1877 842 1949 non
855 1892 975 1949 timebit
988 1913 1038 1952 cor
1051 1912 1160 1953 meum.

195 1984 303 2042 Oratio

194 2066 347 2122 Protector
367 2064 400 2119 in
420 2070 450 2120 te
471 2065 653 2138 sperantium
672 2065 763 2135 DeuS,
785 2065 847 2122 sine
867 2086 925 2141 quo
945 2066 1021 2123 nihil
1042 2074 1087 2124 est
1100 2067 1244 2139 validum,
1259 2069 1328 2126 nihil

133 2154 285 2203 sanctum:
313 2145 477 2220 multiplica
497 2165 584 2220 super
604 2165 657 2201 nos
677 2146 905 2202 misericordiam
924 2154 1028 2204 tuam:
1055 2155 1090 2205 ut
1110 2155 1142 2206 te
1161 2157 1281 2221 rectore,
1301 2157 1328 2206 te

133 2229 214 2298 duce,
236 2227 278 2284 sic
298 2232 481 2282 transeamus
501 2246 553 2301 per
573 2226 650 2282 bona
670 2228 851 2302 temporalia,
873 2234 908 2284 ut
931 2248 992 2285 non
1016 2230 1190 2288 amittamus
1214 2238 1324 2289 aetema.

134 2309 198 2364 Per.

193 2388 243 2445 Ad
256 2389 402 2445 Rootaaos
416 2386 493 2464 (ciii.
513 2387 626 2463 18-23).

194 2471 330 2526 Fratres:
352 2469 499 2526 Existimo
514 2469 593 2524 enim
607 2469 685 2544 quod
701 2489 762 2526 non
776 2477 846 2526 sunt
859 2471 1010 2547 condignae
1024 2472 1175 2546 passiones
1188 2494 1279 2549 usqae
1290 2473 1328 2530 ad

133 2557 321 2628 expectantes
348 2550 578 2625 redemptionem
605 2551 733 2625 corporis
760 2551 862 2622 nostri,
891 2551 931 2607 In
959 2551 1077 2608 Christo
1100 2553 1175 2612 Jesu
1204 2554 1327 2612 Domino

133 2640 241 2690 nostre.

195 2712 327 2771 Gradale.

194 2794 345 2869 Propitius
365 2798 436 2863 esto,
459 2792 597 2864 Domine,
618 2793 891 2867 peccatisnostris:
915 2794 1071 2869 nequando
1095 2795 1197 2854 dicant
1220 2802 1324 2874 gentes,

133 2876 185 2932 ubi
198 2881 243 2930 est
257 2874 338 2930 Deus
352 2893 460 2929 eorum.

138 2957 167 3013 V.
193 2956 317 3029 Adjuva
330 2974 392 3024 nos,
408 2954 490 3010 Deus
504 2954 641 3010 salutaris
655 2960 773 3011 noster:
795 2960 825 3010 et
838 2962 958 3031 propter
971 2957 1112 3014 honorem
1132 2958 1262 3016 nominis
1273 2957 1321 3028 tui,

132 3037 270 3107 Domine,
285 3036 377 3092 libera
391 3055 450 3091 nos.

191 3117 340 3191 Alleluya.
383 3116 410 3173 V.
434 3116 566 3191 Diligam
579 3122 617 3187 te,
633 3106 770 3187 Domine,
785 3117 882 3174 virtus
896 3136 980 3176 mea:
1003 3116 1320 3199 Dominus'firmamen·

131 3207 197 3256 tum
210 3218 317 3267 meum,
332 3203 362 3253 et
376 3196 522 3272 refugium
536 3217 642 3256 meum.

191 3295 358 3354 Secundam
371 3294 483 3350 Lucam
497 3295 550 3370 (vi.
569 3295 684 3370 36-42).

192 3378 231 3433 In
253 3377 306 3432 illo
330 3382 469 3451 tempore,
494 3375 582 3431 Dixit
605 3376 694 3433 Jesus
718 3375 869 3452 discipulis
892 3377 971 3450 suis3
1000 3377 1105 3434 Estote
1128 3377 1318 3436 misericordes

131 3479 221 3533 aisque
234 3458 275 3514 od
289 3463 318 3513 et
332 3457 437 3513 educas
451 3457 592 3513 festucam
607 3457 643 3513 de
657 3457 741 3514 oculo
754 3457 855 3514 fratris
869 3458 922 3514 tui.

193 3555 216 3614 0
239 3554 385 3612 arteriam.

191 3554 334 3693 liliumina
354 3628 452 3691 oculos
472 3653 559 3704 meos,
575 3653 612 3690 ne
629 3654 760 3710 unquam
781 3635 963 3692 obdormiam
982 3635 1015 3691 in
1035 3641 1150 3694 morte:
1173 3633 1316 3713 nequando

129 3721 208 3776 dicat
222 3717 359 3773 inimicus
373 3735 464 3786 meus,
480 3715 623 3790 praevalui
636 3715 775 3772 adversus
790 3735 864 3774 eum.

190 3798 323 3955 {edgida
345 3877 481 3945 Domine,
503 3895 626 3932 munera
650 3877 842 3952 supplicantis
863 3876 1019 3949 Ecclesiae;
1043 3883 1074 3934 et
1097 3878 1190 3935 saluti
1212 3877 1314 3936 creden·

128 3964 205 4019 tium
219 3965 360 4035 perpetua
374 3958 605 4015 sanctificatione
619 3958 761 4014 sumenda
774 3959 904 4016 concede.
948 3959 1007 4015 Per
1020 3957 1193 4017 Dominum.

191 4055 369 4116 Coruncanio.

190 4137 337 4194 Dominus
351 4135 569 4190 firmamentum
584 4154 691 4207 meum,
706 4141 737 4191 et
750 4135 896 4212 refugium
911 4155 1019 4209 meum,
1030 4141 1061 4193 et
1073 4135 1215 4194 liberator
1227 4149 1313 4193 meto:

130 4221 211 4277 Deus
225 4237 316 4286 meus,
331 4216 450 4291 adjutor
463 4235 554 4272 meus.

189 4309 428 4369 Postcommaam.

190 4394 297 4450 Sancta
316 4397 369 4446 tua
389 4410 451 4459 nos„
467 4391 603 4462 Dom'ne,
620 4395 738 4465 sumpta
758 4390 928 4467 vivificent,
950 4398 980 4452 et
999 4391 1204 4452 misericordia
1224 4384 1313 4466 sempi·

128 4483 218 4532 ternae
233 4477 397 4550 praeparent
411 4473 551 4546 expiatos.
596 4472 654 4528 Per
668 4471 839 4532 Dominum.
921 4483 923 4486 ‘
