2926 4996
502 310 645 380 Sabboto
661 317 739 399 post
758 311 975 380 Pentecosten.
1271 321 1331 384 161

194 478 305 540 Oratio.

192 561 283 656 Deus,
306 560 359 638 qui
380 559 531 637 discipulis
550 559 612 619 tuis
633 559 780 637 Spiritum
803 560 946 620 Sanctum
967 560 1180 621 Paraclitum
1171 583 1203 622 rn
1225 563 1334 642 linguis

129 640 225 720 igneis
239 648 270 700 et
278 642 393 700 fervore
403 642 450 699 tui
463 641 570 699 amoris
582 641 702 700 mittere
715 641 853 719 dignatus
863 661 902 714 es,
912 641 951 700 da
959 643 1098 720 populis
1089 663 1122 701 m
1135 645 1251 703 unitate
1264 647 1334 704 fidei

130 723 368 794 esseferventes,
382 723 443 780 ut
434 742 466 779 m
486 728 540 780 tua
559 722 715 781 dilectione
734 728 947 799 permanentes,
962 724 1021 781 et'
1012 743 1045 781 1n
1064 724 1122 783 fide
1142 726 1335 790 inveniantur

131 804 252 862 stabiles
265 805 317 862 et'
308 823 340 861 m
355 822 441 881 opere
455 803 589 862 efficaces.
632 803 698 861 Per.
741 803 780 862 In
793 803 1060 881 unitateeJ'usdem.

191 885 288 944 Lectio
300 884 328 941 J
326 885 393 943 celis
405 884 555 960 Prophetae
569 883 618 962 (ii.
631 883 749 963 28-32).

191 965 269 1024 Haec
282 965 355 1025 dicit
368 966 515 1023 Dominus
534 965 636 1037 Deus3
659 964 820 1023 Effundam
840 965 877 1024 de
890 964 1005 1043 Spiritu
1025 985 1090 1025 meo
1110 968 1255 1043 usquead
1271 968 1334 1045 qui·

132 1066 248 1124 cunque
261 1047 442 1105 invocaverit
455 1065 563 1103 nomen
576 1045 700 1103 Domini
713 1046 811 1104 salvus
824 1047 889 1104 erit.
1417 1089 1419 1094 .

191 1128 340 1203 Alleluya
389 1127 418 1185 V.
441 1126 569 1204 Spiritus
583 1125 708 1185 Sanctus
720 1127 879 1203 procedens
892 1147 910 1185 a
922 1126 1031 1186 throno
1044 1129 1258 1206 Apostolorum
1271 1149 1335 1209 pee-
1374 1142 1378 1150 ’

131 1214 197 1268 tera
209 1208 356 1267 invisibili
367 1208 455 1266 hodie
468 1207 659 1285 perlustravit
672 1207 815 1285 potentia.

192 1288 326 1348 Oramus

191 1370 348 1524 loliaiiihis,
363 1469 537 1528 quaesumus,
552 1449 690 1522 Domine,
701 1469 754 1527 per
766 1449 894 1527 gratiam
907 1449 1010 1509 Sancti
1024 1450 1153 1528 Spiritus
1166 1471 1274 1511 novam
1288 1453 1334 1512 tui

132 1530 273 1591 Paracliti
287 1531 449 1608 spiritualis
462 1530 654 1589 observantiae
668 1531 863 1608 disciplinam,
878 1536 914 1588 ut
927 1538 1040 1590 mentes
1052 1539 1160 1590 nostrae
1173 1534 1238 1610 ipso
1254 1535 1333 1611 puri-

131 1613 246 1686 ficante,
262 1614 376 1671 cunctis
389 1612 552 1670 reddantur
568 1612 632 1688 ejus
651 1611 823 1675 muneribus
842 1611 977 1689 aptiores.
1020 1613 1078 1671 Per
1091 1613 1256 1672 Dominum
1268 1635 1332 1673 nos

130 1699 219 1752 trum.
263 1694 303 1750 In
314 1693 575 1769 unitate-ejusdem
589 1691 724 1768 Spiritus.

189 1774 289 1833 Lectio
304 1774 371 1833 tecet
383 1773 504 1832 Leoitici
520 1772 622 1850 (ccciii.
640 1773 717 1846 9-11‚
734 1773 831 1847 15-17,
846 1772 918 1849 21).

190 1856 232 1913 In
251 1856 355 1914 diebus
373 1856 442 1927 illis,
462 1853 593 1912 Locutus
613 1859 658 1911 est
678 1854 825 1912 Dominus
845 1853 884 1912 ad
904 1853 1038 1931 Moysen,
1061 1854 1159 1915 dicens
1168 1876 1178 1930 3
1197 1855 1332 1934 Loquere

130 1936 200 1995 filiis
214 1937 317 2009 Israel,
333 1943 363 1994 et
376 1936 454 1993 dices
467 1935 504 1993 ad
517 1954 583 1992 eos:
605 1934 681 1992 (lum
694 1934 818 2012 ingressi
830 1935 946 1993 fueritis
961 1942 1072 1994 terram
1085 1957 1174 2014 quam
1188 1957 1241 2015 ego
1254 1939 1332 1996 dabo

130 2018 222 2090 vobis,
238 2023 269 2075 et
282 2016 460 2075 messueritis
473 2021 610 2094 segetem,
620 2016 721 2073 feretis
734 2015 899 2093 manipulos
909 2017 1063 2093 spicarum,
1074 2019 1220 2094 primitias
1230 2020 1331 2077 messis

130 2105 245 2171 vestrae,
260 2099 298 2157 ad
312 2098 510 2156 sacerdotem:
531 2097 584 2172 qui
597 2095 725 2154 elevabit
737 2097 908 2154 fasciculum
922 2117 1019 2155 coram
1034 2098 1172 2171 Domino,
1186 2104 1222 2156 ut
1234 2120 1332 2177 accep-

131 2179 232 2237 tabilis
242 2179 282 2237 sit
292 2199 344 2256 pro
352 2179 445 2250 vobis,
455 2178 547 2235 altero
558 2176 605 2234 die
616 2176 746 2249 Sabbati,
756 2183 787 2235 et
796 2178 992 2236 sanctificabit
1001 2178 1094 2238 illum.
1127 2179 1332 2238 Numerabitis

130 2279 200 2338 ergo
220 2261 339 2336 abipso
358 2260 406 2316 die
422 2259 455 2316 in
473 2278 531 2335 quo
550 2258 700 2315 obtulistis
717 2258 883 2336 manipulos
903 2259 1111 2335 primitiarum,
1130 2265 1242 2336 septem
1264 2260 1333 2329 heb

130 2341 270 2399 demades
283 2341 392 2418 plenas,
406 2360 499 2417 usque
513 2339 550 2397 ad
564 2339 688 2396 alteram
701 2339 779 2396 diem
793 2339 971 2417 expletionis
983 2338 1172 2397 hebdomadae
1186 2341 1332 2418 septima:

131 2422 214 2479 etsie
224 2421 351 2479 offeretis
364 2421 539 2479 sacrificium
552 2439 664 2478 novum
678 2419 817 2492 Domino,
829 2439 867 2477 ex
881 2420 1017 2477 omnibus
1030 2420 1205 2478 habitaculis
1218 2422 1331 2480 vestris.

130 2503 228 2560 Panes
240 2503 441 2578 primitiarum
454 2501 527 2559 duos
540 2500 577 2558 de
590 2501 704 2558 duabus
718 2500 837 2558 decimis
851 2499 964 2573 similae,
973 2520 1047 2576 quos
1060 2499 1188 2559 elevabit
1203 2502 1335 2561 sacerdos

130 2603 228 2641 coram
243 2583 380 2643 Domino.
423 2582 465 2640 Et
478 2581 622 2639 vocabitis
640 2581 720 2639 hunc
738 2581 817 2640 diem
837 2581 1060 2640 celeberrimum
1079 2588 1168 2658 atque
1189 2582 1335 2641 sanctissi-

130 2684 232 2722 mum:
253 2684 339 2722 omne
359 2683 431 2741 opus
452 2663 557 2720 servile
577 2681 638 2720 non
657 2662 771 2720 facietis
786 2662 819 2719 in
833 2682 874 2720 eo.
918 2661 1102 2740 Legitimum
1121 2664 1334 2740 sempiternum

131 2745 188 2803 erit
220 2746 253 2803 in
276 2746 389 2803 cunctis
415 2743 593 2801 habitaculis
620 2748 651 2800 et
678 2742 917 2820 generationibus
944 2743 1059 2816 vestris,
1089 2743 1161 2803 dicit
1189 2745 1336 2805 Dominus

131 2826 324 2903 omnipotens.

189 2907 340 2983 Alleluya.
388 2906 417 2965 V.
440 2905 550 2964 Factus
563 2910 609 2963 est
621 2909 750 2982 repente

192 2989 302 3048 Oratio

189 3069 314 3141 Praesta,
329 3087 504 3146 quesumus,
526 3066 663 3139 Domine,
678 3073 714 3125 ut
727 3066 868 3126 anostrie
889 3066 1039 3126 mentibus
1060 3066 1189 3149 Spiritus
1209 3068 1336 3126 Sanctus

132 3150 263 3208 carnales
283 3155 418 3207 amoveat
438 3148 568 3220 affectus,
591 3153 621 3206 et
641 3148 808 3225 spiritualia
826 3147 912 3206 nobis
930 3149 1008 3206 dona
1027 3153 1165 3225 potenter
1186 3148 1334 3208 infundat.

132 3231 190 3290 Per
203 3232 375 3289 Dominum
419 3229 458 3287 In
472 3229 588 3287 unitate
602 3228 732 3306 ejusdem
746 3228 882 3305 Spiritus.

189 3311 289 3370 Lectio
302 3310 438 3369 Danielis
451 3309 601 3385 Prophetes
614 3308 678 3385 (tce
696 3308 969 3382 lesatensem
984 3309 1090 3366 Trium
1103 3309 1297 3387 Puerorum)

189 3392 325 3469 Angelus
338 3391 461 3449 Domini
474 3389 624 3448 descendit
637 3409 704 3449 curn
714 3353 824 3448 Azaiia
834 3396 865 3448 et
878 3390 963 3448 sociis
973 3391 1035 3466 ejus
1046 3409 1136 3465 usque
1146 3391 1187 3448 od
1200 3409 1337 3467 superex-

131 3474 222 3533 altate
236 3493 304 3531 eum
317 3473 350 3530 in
363 3472 476 3530 saecula.
639 3514 642 3520 .

190 3555 341 3630 Alleluya.
389 3554 418 3614 V.
441 3552 619 3612 Benedictus
639 3571 677 3625 es,
699 3552 828 3612 Domine
848 3551 931 3610 Deus
950 3557 1070 3629 patrum
1089 3557 1279 3610 nostrorum:
1303 3556 1335 3610 et

132 3635 289 3696 laudabilis
302 3635 336 3692 in
349 3634 460 3693 saecula.

189 3716 320 3775 Dicatur
332 3736 412 3774 auae
425 3716 572 3773 Dominus
585 3714 745 3774 vobiscum.

193 3797 303 3858 Oratio·

190 3878 283 3950 Deus,
299 3878 351 3955 qui
364 3878 460 3936 tribus
473 3877 572 3954 pueris
585 3874 730 3954 mitigasti
742 3875 875 3934 flammas
888 3875 1003 3954 ignium
1010 3895 1019 3948 ;
1039 3875 1164 3934 concede
1177 3874 1333 3951 propitius,

129 3966 164 4020 ut
176 3960 356 4018 adveniente
377 3959 491 4036 Spiritu
512 3959 621 4017 Sancto
634 3977 688 4016 nos
701 3957 825 4015 famulos
845 3963 912 4015 tuos
928 3977 989 4015 non
1005 3963 1113 4015 antrat
1133 3956 1253 4015 flamma
1266 3956 1335 4014 viti·

129 4061 224 4100 orum.
268 4041 328 4098 Per
341 4040 512 4100 Dominum.
645 4091 647 4096 .

189 4121 241 4180 le
254 4120 402 4179 Romanos
415 4120 456 4199 (o.
476 4119 551 4198 1-5)

191 4204 329 4260 Fratres:
352 4203 374 4261 J
375 4202 516 4260 ustificati
530 4221 568 4258 cx
581 4200 638 4258 fide
651 4219 740 4276 usqae
754 4200 794 4258 ad
807 4219 860 4278 per
873 4198 1020 4278 Spiritum
1033 4200 1176 4260 Sanctum
1186 4199 1240 4276 qui
1249 4198 1336 4257 datus

129 4291 176 4344 est
190 4284 283 4342 nobis.
1352 4281 1355 4290 ’

191 4365 342 4441 Alleluye.
392 4365 421 4425 V.
445 4363 578 4423 Laudato
599 4362 763 4422 Dominum
784 4382 885 4423 omnes
905 4369 1024 4442 gentes:
1048 4369 1078 4423 et
1093 4362 1257 4423 collaudate
1271 4380 1338 4422 eum

130 4467 232 4506 omnes
245 4445 358 4524 populi.

428 4570 444 4611 ο
604 4540 629 4583 M
