<?xml version="1.0" encoding="UTF-8"?>
<!DOCTYPE html PUBLIC "-//W3C//DTD XHTML 1.0 Transitional//EN"
    "http://www.w3.org/TR/xhtml1/DTD/xhtml1-transitional.dtd">
<html xmlns="http://www.w3.org/1999/xhtml" xml:lang="en" lang="en">
 <head>
  <title>
</title>
<meta http-equiv="Content-Type" content="text/html;charset=utf-8" />
  <meta name='ocr-system' content='tesseract 3.04.00' />
  <meta name='ocr-capabilities' content='ocr_page ocr_carea ocr_par ocr_line ocrx_word'/>
</head>
<body>
  <div class='ocr_page' id='page_1' title='image "./missaleadusumin00churgoog_0159.png"; bbox 0 0 2926 4996; ppageno 0'>
   <div class='ocr_carea' id='block_1_1' title="bbox 205 351 1011 420">
    <p class='ocr_par' dir='ltr' id='par_1_1' title="bbox 205 351 1011 420">
     <span class='ocr_line' id='line_1_1' title="bbox 205 351 1011 420; baseline 0.005 -4"><span class='ocrx_word' id='word_1_1' title='bbox 205 355 267 419; x_wconf 84' lang='lat'><strong>106</strong></span> <span class='ocrx_word' id='word_1_2' title='bbox 592 352 695 418; x_wconf 77' lang='lat' dir='ltr'><strong>Faria</strong></span> <span class='ocrx_word' id='word_1_3' title='bbox 709 351 751 418; x_wconf 80' lang='lat' dir='ltr'><strong>ei.</strong></span> <span class='ocrx_word' id='word_1_4' title='bbox 766 351 810 418; x_wconf 81' lang='lat' dir='ltr'><strong>ia</strong></span> <span class='ocrx_word' id='word_1_5' title='bbox 824 352 1011 420; x_wconf 78' lang='lat' dir='ltr'><strong>Para-scene.</strong></span> 
     </span>
    </p>
   </div>
   <div class='ocr_carea' id='block_1_2' title="bbox 258 519 1357 1162">
    <p class='ocr_par' dir='ltr' id='par_1_2' title="bbox 260 519 1355 675">
     <span class='ocr_line' id='line_1_2' title="bbox 260 519 1355 598; baseline 0.005 -21"><span class='ocrx_word' id='word_1_6' title='bbox 260 519 336 578; x_wconf 83' lang='lat' dir='ltr'><strong>Ecce</strong></span> <span class='ocrx_word' id='word_1_7' title='bbox 349 519 463 596; x_wconf 85' lang='lat' dir='ltr'><strong>lignum</strong></span> <span class='ocrx_word' id='word_1_8' title='bbox 477 520 578 592; x_wconf 87' lang='lat' dir='ltr'><strong>crucis,</strong></span> <span class='ocrx_word' id='word_1_9' title='bbox 592 519 626 576; x_wconf 93' lang='lat' dir='ltr'><strong>in</strong></span> <span class='ocrx_word' id='word_1_10' title='bbox 639 539 698 595; x_wconf 89' lang='lat' dir='ltr'><strong>quo</strong></span> <span class='ocrx_word' id='word_1_11' title='bbox 710 519 789 578; x_wconf 82' lang='lat' dir='ltr'><strong>salus</strong></span> <span class='ocrx_word' id='word_1_12' title='bbox 802 520 906 577; x_wconf 88' lang='lat' dir='ltr'><strong>mundi</strong></span> <span class='ocrx_word' id='word_1_13' title='bbox 915 521 1066 598; x_wconf 78' lang='lat' dir='ltr'><strong>pependit,</strong></span> <span class='ocrx_word' id='word_1_14' title='bbox 1081 521 1182 581; x_wconf 87' lang='lat' dir='ltr'><strong>venite</strong></span> <span class='ocrx_word' id='word_1_15' title='bbox 1194 522 1355 584; x_wconf 80' lang='lat' dir='ltr'><strong>adoremus.</strong></span> 
     </span>
     <span class='ocr_line' id='line_1_3' title="bbox 263 599 697 675; baseline -0.002 -15"><span class='ocrx_word' id='word_1_16' title='bbox 263 599 373 660; x_wconf 67' lang='lat' dir='ltr'><strong>Oeneo</strong></span> <span class='ocrx_word' id='word_1_17' title='bbox 379 600 467 675; x_wconf 71' lang='lat' dir='ltr'><strong>flecis</strong></span> <span class='ocrx_word' id='word_1_18' title='bbox 478 601 598 674; x_wconf 72' lang='lat' dir='ltr'><strong>pertibus</strong></span> <span class='ocrx_word' id='word_1_19' title='bbox 611 599 697 659; x_wconf 81' lang='lat' dir='ltr'><strong>dicct.</strong></span> 
     </span>
    </p>

    <p class='ocr_par' dir='ltr' id='par_1_3' title="bbox 259 681 1357 842">
     <span class='ocr_line' id='line_1_4' title="bbox 259 681 1357 759; baseline 0.005 -20"><span class='ocrx_word' id='word_1_20' title='bbox 259 681 336 740; x_wconf 84' lang='lat' dir='ltr'><strong>Ecce</strong></span> <span class='ocrx_word' id='word_1_21' title='bbox 349 681 463 758; x_wconf 79' lang='lat' dir='ltr'><strong>lignum</strong></span> <span class='ocrx_word' id='word_1_22' title='bbox 476 681 579 753; x_wconf 85' lang='lat' dir='ltr'><strong>crucis,</strong></span> <span class='ocrx_word' id='word_1_23' title='bbox 592 682 625 738; x_wconf 92' lang='lat' dir='ltr'><strong>in</strong></span> <span class='ocrx_word' id='word_1_24' title='bbox 639 700 697 758; x_wconf 89' lang='lat' dir='ltr'><strong>quo</strong></span> <span class='ocrx_word' id='word_1_25' title='bbox 710 681 788 739; x_wconf 89' lang='lat' dir='ltr'><strong>salus</strong></span> <span class='ocrx_word' id='word_1_26' title='bbox 801 682 906 739; x_wconf 90' lang='lat' dir='ltr'><strong>mundi</strong></span> <span class='ocrx_word' id='word_1_27' title='bbox 918 682 1067 759; x_wconf 72' lang='lat' dir='ltr'>pependit,</span> <span class='ocrx_word' id='word_1_28' title='bbox 1080 683 1182 742; x_wconf 84' lang='lat' dir='ltr'><strong>venite</strong></span> <span class='ocrx_word' id='word_1_29' title='bbox 1195 684 1357 745; x_wconf 82' lang='lat' dir='ltr'><strong>adoremus.</strong></span> 
     </span>
     <span class='ocr_line' id='line_1_5' title="bbox 260 761 1267 842; baseline 0.006 -24"><span class='ocrx_word' id='word_1_30' title='bbox 260 762 310 820; x_wconf 80' lang='lat' dir='ltr'><strong>Pe.</strong></span> <span class='ocrx_word' id='word_1_31' title='bbox 351 761 438 819; x_wconf 90' lang='lat' dir='ltr'><strong>Beati</strong></span> <span class='ocrx_word' id='word_1_32' title='bbox 451 762 632 820; x_wconf 84' lang='lat' dir='ltr'><strong>immaculati</strong></span> <span class='ocrx_word' id='word_1_33' title='bbox 645 764 678 820; x_wconf 91' lang='lat' dir='ltr'><strong>in</strong></span> <span class='ocrx_word' id='word_1_34' title='bbox 691 763 757 820; x_wconf 87' lang='lat' dir='ltr'><strong>via:</strong></span> <span class='ocrx_word' id='word_1_35' title='bbox 778 764 829 839; x_wconf 91' lang='lat' dir='ltr'><strong>qui</strong></span> <span class='ocrx_word' id='word_1_36' title='bbox 843 763 997 821; x_wconf 87' lang='lat' dir='ltr'><strong>ambulant</strong></span> <span class='ocrx_word' id='word_1_37' title='bbox 1010 764 1043 822; x_wconf 90' lang='lat' dir='ltr'><strong>in</strong></span> <span class='ocrx_word' id='word_1_38' title='bbox 1055 765 1119 842; x_wconf 85' lang='lat' dir='ltr'><strong>lege</strong></span> <span class='ocrx_word' id='word_1_39' title='bbox 1132 765 1267 824; x_wconf 87' lang='lat' dir='ltr'><strong>Domini.</strong></span> 
     </span>
    </p>

    <p class='ocr_par' dir='ltr' id='par_1_4' title="bbox 258 842 1007 921">
     <span class='ocr_line' id='line_1_6' title="bbox 258 842 1007 921; baseline 0.005 -22"><span class='ocrx_word' id='word_1_40' title='bbox 258 842 329 900; x_wconf 77' lang='lat' dir='ltr'><strong>Aret.</strong></span> <span class='ocrx_word' id='word_1_41' title='bbox 351 843 427 900; x_wconf 87' lang='lat' dir='ltr'><strong>Ecce</strong></span> <span class='ocrx_word' id='word_1_42' title='bbox 440 842 555 920; x_wconf 80' lang='lat' dir='ltr'><strong>lignum</strong></span> <span class='ocrx_word' id='word_1_43' title='bbox 568 844 670 916; x_wconf 86' lang='lat' dir='ltr'><strong>crucis,</strong></span> <span class='ocrx_word' id='word_1_44' title='bbox 684 843 717 900; x_wconf 92' lang='lat' dir='ltr'><strong>in</strong></span> <span class='ocrx_word' id='word_1_45' title='bbox 731 863 790 921; x_wconf 91' lang='lat' dir='ltr'><strong>quo</strong></span> <span class='ocrx_word' id='word_1_46' title='bbox 803 842 882 902; x_wconf 86' lang='lat' dir='ltr'><strong>salus</strong></span> <span class='ocrx_word' id='word_1_47' title='bbox 895 845 1007 903; x_wconf 89' lang='lat' dir='ltr'><strong>mundi.</strong></span> 
     </span>
    </p>

    <p class='ocr_par' dir='ltr' id='par_1_5' title="bbox 258 923 694 999">
     <span class='ocr_line' id='line_1_7' title="bbox 258 923 694 999; baseline 0.005 -19"><span class='ocrx_word' id='word_1_48' title='bbox 258 923 308 981; x_wconf 83' lang='lat' dir='ltr'><strong>Pe.</strong></span> <span class='ocrx_word' id='word_1_49' title='bbox 352 923 439 981; x_wconf 86' lang='lat' dir='ltr'><strong>Beati</strong></span> <span class='ocrx_word' id='word_1_50' title='bbox 452 924 505 999; x_wconf 90' lang='lat' dir='ltr'><strong>qui</strong></span> <span class='ocrx_word' id='word_1_51' title='bbox 517 929 694 982; x_wconf 74' lang='lat' dir='ltr'><strong>scrutantur.</strong></span> 
     </span>
    </p>

    <p class='ocr_par' dir='ltr' id='par_1_6' title="bbox 258 1003 890 1083">
     <span class='ocr_line' id='line_1_8' title="bbox 258 1003 890 1083; baseline 0.003 -22"><span class='ocrx_word' id='word_1_52' title='bbox 258 1003 328 1062; x_wconf 82' lang='lat' dir='ltr'><strong>Ant.</strong></span> <span class='ocrx_word' id='word_1_53' title='bbox 352 1004 427 1062; x_wconf 85' lang='lat' dir='ltr'><strong>Ecce</strong></span> <span class='ocrx_word' id='word_1_54' title='bbox 440 1005 555 1081; x_wconf 85' lang='lat' dir='ltr'><strong>lignum</strong></span> <span class='ocrx_word' id='word_1_55' title='bbox 568 1005 670 1077; x_wconf 89' lang='lat' dir='ltr'><strong>crucis,</strong></span> <span class='ocrx_word' id='word_1_56' title='bbox 684 1005 718 1061; x_wconf 91' lang='lat' dir='ltr'><strong>in</strong></span> <span class='ocrx_word' id='word_1_57' title='bbox 732 1024 790 1083; x_wconf 92' lang='lat' dir='ltr'><strong>quo</strong></span> <span class='ocrx_word' id='word_1_58' title='bbox 804 1005 890 1063; x_wconf 88' lang='lat' dir='ltr'><strong>salus.</strong></span> 
     </span>
    </p>

    <p class='ocr_par' dir='ltr' id='par_1_7' title="bbox 258 1085 913 1162">
     <span class='ocr_line' id='line_1_9' title="bbox 258 1085 913 1162; baseline 0.003 -20"><span class='ocrx_word' id='word_1_59' title='bbox 258 1085 307 1142; x_wconf 81' lang='lat' dir='ltr'><strong>Pa</strong></span> <span class='ocrx_word' id='word_1_60' title='bbox 349 1085 421 1142; x_wconf 88' lang='lat' dir='ltr'><strong>Non</strong></span> <span class='ocrx_word' id='word_1_61' title='bbox 434 1088 514 1143; x_wconf 92' lang='lat' dir='ltr'><strong>enim</strong></span> <span class='ocrx_word' id='word_1_62' title='bbox 527 1086 580 1161; x_wconf 91' lang='lat' dir='ltr'><strong>qui</strong></span> <span class='ocrx_word' id='word_1_63' title='bbox 593 1091 762 1162; x_wconf 85' lang='lat' dir='ltr'><strong>operantur,</strong></span> <span class='ocrx_word' id='word_1_64' title='bbox 776 1095 802 1144; x_wconf 82' lang='lat' dir='ltr'><strong>et</strong></span> <span class='ocrx_word' id='word_1_65' title='bbox 815 1095 913 1144; x_wconf 81' lang='lat' dir='ltr'><strong>cetera.</strong></span> 
     </span>
    </p>
   </div>
   <div class='ocr_carea' id='block_1_3' title="bbox 196 1177 1394 1982">
    <p class='ocr_par' dir='ltr' id='par_1_8' title="bbox 199 1177 1394 1320">
     <span class='ocr_line' id='line_1_10' title="bbox 257 1177 1394 1254; baseline 0.004 -18"><span class='ocrx_word' id='word_1_66' title='bbox 257 1177 384 1236; x_wconf 75' lang='lat' dir='ltr'><strong>Interim</strong></span> <span class='ocrx_word' id='word_1_67' title='bbox 400 1177 556 1250; x_wconf 79' lang='lat' dir='ltr'><strong>Proeletue,</strong></span> <span class='ocrx_word' id='word_1_68' title='bbox 572 1187 598 1235; x_wconf 85' lang='lat' dir='ltr'><strong>et</strong></span> <span class='ocrx_word' id='word_1_69' title='bbox 611 1177 755 1250; x_wconf 79' lang='lat' dir='ltr'><strong>Ministre&#39;,</strong></span> <span class='ocrx_word' id='word_1_70' title='bbox 771 1186 796 1237; x_wconf 80' lang='lat' dir='ltr'><strong>ct</strong></span> <span class='ocrx_word' id='word_1_71' title='bbox 810 1178 955 1252; x_wconf 67' lang='lat' dir='ltr'><strong>Deceliae,</strong></span> <span class='ocrx_word' id='word_1_72' title='bbox 971 1198 1035 1238; x_wconf 81' lang='lat' dir='ltr'><strong>cam</strong></span> <span class='ocrx_word' id='word_1_73' title='bbox 1053 1178 1165 1254; x_wconf 76' lang='lat' dir='ltr'><strong>reliquo</strong></span> <span class='ocrx_word' id='word_1_74' title='bbox 1180 1178 1268 1240; x_wconf 80' lang='lat' dir='ltr'><strong>Olera</strong></span> <span class='ocrx_word' id='word_1_75' title='bbox 1281 1180 1394 1241; x_wconf 71' lang='lat' dir='ltr'><strong>adorem</strong></span> 
     </span>
     <span class='ocr_line' id='line_1_11' title="bbox 199 1257 329 1320; baseline 0.023 -4"><span class='ocrx_word' id='word_1_76' title='bbox 199 1257 329 1320; x_wconf 76' lang='lat' dir='ltr'><strong>Crucem.</strong></span> 
     </span>
    </p>

    <p class='ocr_par' dir='ltr' id='par_1_9' title="bbox 256 1336 797 1413">
     <span class='ocr_line' id='line_1_12' title="bbox 256 1336 797 1413; baseline 0.002 -17"><span class='ocrx_word' id='word_1_77' title='bbox 256 1338 328 1398; x_wconf 79' lang='lat' dir='ltr'><strong>Alia</strong></span> <span class='ocrx_word' id='word_1_78' title='bbox 342 1336 513 1413; x_wconf 78' lang='lat' dir='ltr'><strong>Antiphone</strong></span> <span class='ocrx_word' id='word_1_79' title='bbox 526 1339 644 1397; x_wconf 76' lang='lat' dir='ltr'><strong>interim</strong></span> <span class='ocrx_word' id='word_1_80' title='bbox 657 1340 797 1397; x_wconf 71' lang='lat' dir='ltr'><strong>enneade.</strong></span> 
     </span>
    </p>

    <p class='ocr_par' dir='ltr' id='par_1_10' title="bbox 197 1420 1394 1640">
     <span class='ocr_line' id='line_1_13' title="bbox 257 1420 1394 1493; baseline 0.003 -16"><span class='ocrx_word' id='word_1_81' title='bbox 257 1421 352 1479; x_wconf 81' lang='lat' dir='ltr'><strong>Tuam</strong></span> <span class='ocrx_word' id='word_1_82' title='bbox 373 1439 488 1477; x_wconf 90' lang='lat' dir='ltr'><strong>crucem</strong></span> <span class='ocrx_word' id='word_1_83' title='bbox 508 1420 671 1493; x_wconf 89' lang='lat' dir='ltr'><strong>adoramus,</strong></span> <span class='ocrx_word' id='word_1_84' title='bbox 693 1421 830 1492; x_wconf 86' lang='lat' dir='ltr'><strong>Domine,</strong></span> <span class='ocrx_word' id='word_1_85' title='bbox 852 1425 883 1478; x_wconf 92' lang='lat' dir='ltr'><strong>et</strong></span> <span class='ocrx_word' id='word_1_86' title='bbox 900 1425 1031 1479; x_wconf 89' lang='lat' dir='ltr'><strong>sanctam</strong></span> <span class='ocrx_word' id='word_1_87' title='bbox 1051 1422 1299 1480; x_wconf 82' lang='lat' dir='ltr'><strong>resurrectionem</strong></span> <span class='ocrx_word' id='word_1_88' title='bbox 1316 1427 1394 1481; x_wconf 81' lang='lat' dir='ltr'><strong>tuam</strong></span> 
     </span>
     <span class='ocr_line' id='line_1_14' title="bbox 197 1500 1394 1581; baseline 0.003 -23"><span class='ocrx_word' id='word_1_89' title='bbox 197 1500 351 1560; x_wconf 89' lang='lat' dir='ltr'><strong>laudamus</strong></span> <span class='ocrx_word' id='word_1_90' title='bbox 371 1506 402 1558; x_wconf 92' lang='lat' dir='ltr'><strong>et</strong></span> <span class='ocrx_word' id='word_1_91' title='bbox 422 1500 616 1576; x_wconf 85' lang='lat' dir='ltr'><strong>glorificamus</strong></span> <span class='ocrx_word' id='word_1_92' title='bbox 625 1520 634 1573; x_wconf 81' lang='lat'>3</span> <span class='ocrx_word' id='word_1_93' title='bbox 655 1520 720 1559; x_wconf 86' lang='lat' dir='ltr'><strong>ecce</strong></span> <span class='ocrx_word' id='word_1_94' title='bbox 738 1501 818 1559; x_wconf 92' lang='lat' dir='ltr'><strong>enim</strong></span> <span class='ocrx_word' id='word_1_95' title='bbox 836 1507 956 1579; x_wconf 86' lang='lat' dir='ltr'><strong>propter</strong></span> <span class='ocrx_word' id='word_1_96' title='bbox 973 1521 1088 1560; x_wconf 87' lang='lat' dir='ltr'><strong>crucem</strong></span> <span class='ocrx_word' id='word_1_97' title='bbox 1101 1503 1186 1561; x_wconf 87' lang='lat' dir='ltr'><strong>venit</strong></span> <span class='ocrx_word' id='word_1_98' title='bbox 1205 1503 1349 1581; x_wconf 82' lang='lat' dir='ltr'><strong>gaudium</strong></span> <span class='ocrx_word' id='word_1_99' title='bbox 1366 1503 1394 1561; x_wconf 88' lang='lat' dir='ltr'><strong>in</strong></span> 
     </span>
     <span class='ocr_line' id='line_1_15' title="bbox 197 1581 468 1640; baseline -0.007 -1"><span class='ocrx_word' id='word_1_100' title='bbox 197 1582 336 1640; x_wconf 88' lang='lat' dir='ltr'><strong>universo</strong></span> <span class='ocrx_word' id='word_1_101' title='bbox 350 1581 468 1638; x_wconf 91' lang='lat' dir='ltr'><strong>mundo.</strong></span> 
     </span>
    </p>

    <p class='ocr_par' dir='ltr' id='par_1_11' title="bbox 196 1662 1392 1821">
     <span class='ocr_line' id='line_1_16' title="bbox 256 1662 1392 1724; baseline 0.001 -3"><span class='ocrx_word' id='word_1_102' title='bbox 256 1663 306 1721; x_wconf 83' lang='lat' dir='ltr'><strong>Pe.</strong></span> <span class='ocrx_word' id='word_1_103' title='bbox 349 1663 431 1719; x_wconf 89' lang='lat' dir='ltr'><strong>Deus</strong></span> <span class='ocrx_word' id='word_1_104' title='bbox 450 1662 624 1720; x_wconf 87' lang='lat' dir='ltr'><strong>misereatur</strong></span> <span class='ocrx_word' id='word_1_105' title='bbox 643 1662 738 1719; x_wconf 84' lang='lat' dir='ltr'><strong>nostri</strong></span> <span class='ocrx_word' id='word_1_106' title='bbox 758 1668 789 1720; x_wconf 92' lang='lat' dir='ltr'><strong>et</strong></span> <span class='ocrx_word' id='word_1_107' title='bbox 808 1663 962 1721; x_wconf 85' lang='lat' dir='ltr'><strong>benedicat</strong></span> <span class='ocrx_word' id='word_1_108' title='bbox 982 1663 1084 1722; x_wconf 88' lang='lat' dir='ltr'><strong>nobis:</strong></span> <span class='ocrx_word' id='word_1_109' title='bbox 1108 1663 1263 1724; x_wconf 85' lang='lat' dir='ltr'><strong>illuminet</strong></span> <span class='ocrx_word' id='word_1_110' title='bbox 1281 1665 1392 1724; x_wconf 89' lang='lat' dir='ltr'><strong>vultum</strong></span> 
     </span>
     <span class='ocr_line' id='line_1_17' title="bbox 196 1742 805 1821; baseline -0.002 -19"><span class='ocrx_word' id='word_1_111' title='bbox 196 1763 283 1803; x_wconf 88' lang='lat' dir='ltr'><strong>suum</strong></span> <span class='ocrx_word' id='word_1_112' title='bbox 296 1763 383 1821; x_wconf 88' lang='lat' dir='ltr'><strong>super</strong></span> <span class='ocrx_word' id='word_1_113' title='bbox 396 1762 457 1815; x_wconf 89' lang='lat' dir='ltr'><strong>nos,</strong></span> <span class='ocrx_word' id='word_1_114' title='bbox 473 1748 503 1799; x_wconf 90' lang='lat' dir='ltr'><strong>et</strong></span> <span class='ocrx_word' id='word_1_115' title='bbox 517 1742 690 1800; x_wconf 83' lang='lat' dir='ltr'><strong>misereatur</strong></span> <span class='ocrx_word' id='word_1_116' title='bbox 702 1743 805 1801; x_wconf 88' lang='lat' dir='ltr'><strong>nostri.</strong></span> 
     </span>
    </p>

    <p class='ocr_par' dir='ltr' id='par_1_12' title="bbox 256 1822 900 1896">
     <span class='ocr_line' id='line_1_18' title="bbox 256 1822 900 1896; baseline 0.003 -15"><span class='ocrx_word' id='word_1_117' title='bbox 256 1822 326 1883; x_wconf 74' lang='lat' dir='ltr'><strong>Aee.</strong></span> <span class='ocrx_word' id='word_1_118' title='bbox 349 1824 444 1880; x_wconf 81' lang='lat' dir='ltr'><strong>Tuam</strong></span> <span class='ocrx_word' id='word_1_119' title='bbox 457 1842 571 1881; x_wconf 90' lang='lat' dir='ltr'><strong>crucem</strong></span> <span class='ocrx_word' id='word_1_120' title='bbox 585 1825 748 1896; x_wconf 85' lang='lat' dir='ltr'><strong>adoramus,</strong></span> <span class='ocrx_word' id='word_1_121' title='bbox 764 1824 900 1884; x_wconf 92' lang='lat' dir='ltr'><strong>Domine.</strong></span> 
     </span>
    </p>

    <p class='ocr_par' dir='ltr' id='par_1_13' title="bbox 262 1903 746 1982">
     <span class='ocr_line' id='line_1_19' title="bbox 262 1903 746 1982; baseline -0.006 -18"><span class='ocrx_word' id='word_1_122' title='bbox 262 1906 292 1964; x_wconf 98' lang='lat' dir='ltr'><strong>V.</strong></span> <span class='ocrx_word' id='word_1_123' title='bbox 332 1905 380 1964; x_wconf 89' lang='lat' dir='ltr'><strong>Ut</strong></span> <span class='ocrx_word' id='word_1_124' title='bbox 394 1924 599 1982; x_wconf 88' lang='lat' dir='ltr'><strong>cognoscamus</strong></span> <span class='ocrx_word' id='word_1_125' title='bbox 613 1903 646 1961; x_wconf 91' lang='lat' dir='ltr'><strong>in</strong></span> <span class='ocrx_word' id='word_1_126' title='bbox 659 1909 746 1961; x_wconf 88' lang='lat' dir='ltr'><strong>terra.</strong></span> 
     </span>
    </p>
   </div>
   <div class='ocr_carea' id='block_1_4' title="bbox 255 2002 972 2078">
    <p class='ocr_par' dir='ltr' id='par_1_14' title="bbox 255 2002 972 2078">
     <span class='ocr_line' id='line_1_20' title="bbox 255 2002 972 2078; baseline 0 -17"><span class='ocrx_word' id='word_1_127' title='bbox 255 2003 339 2078; x_wconf 80' lang='lat' dir='ltr'><strong>Item,</strong></span> <span class='ocrx_word' id='word_1_128' title='bbox 354 2005 427 2062; x_wconf 78' lang='lat' dir='ltr'><strong>dam</strong></span> <span class='ocrx_word' id='word_1_129' title='bbox 441 2002 556 2063; x_wconf 70' lang='lat' dir='ltr'><strong>Ultores</strong></span> <span class='ocrx_word' id='word_1_130' title='bbox 569 2003 681 2074; x_wconf 81' lang='lat' dir='ltr'><strong>adoret,</strong></span> <span class='ocrx_word' id='word_1_131' title='bbox 698 2011 824 2060; x_wconf 78' lang='lat' dir='ltr'><strong>cauetur</strong></span> <span class='ocrx_word' id='word_1_132' title='bbox 839 2002 972 2078; x_wconf 75' lang='lat' dir='ltr'><strong>hymnus.</strong></span> 
     </span>
    </p>
   </div>
   <div class='ocr_carea' id='block_1_5' title="bbox 478 2099 873 2253">
    <p class='ocr_par' dir='ltr' id='par_1_15' title="bbox 478 2099 873 2253">
     <span class='ocr_line' id='line_1_21' title="bbox 478 2099 873 2158; baseline -0.003 0"><span class='ocrx_word' id='word_1_133' title='bbox 478 2100 560 2158; x_wconf 76' lang='lat' dir='ltr'><strong>Crux</strong></span> <span class='ocrx_word' id='word_1_134' title='bbox 574 2099 667 2157; x_wconf 88' lang='lat' dir='ltr'><strong>fidelis</strong></span> <span class='ocrx_word' id='word_1_135' title='bbox 680 2099 760 2156; x_wconf 91' lang='lat' dir='ltr'><strong>inter</strong></span> <span class='ocrx_word' id='word_1_136' title='bbox 773 2119 873 2157; x_wconf 90' lang='lat' dir='ltr'><strong>omnes</strong></span> 
     </span>
     <span class='ocr_line' id='line_1_22' title="bbox 517 2180 831 2253; baseline 0 -15"><span class='ocrx_word' id='word_1_137' title='bbox 517 2181 618 2238; x_wconf 87' lang='lat' dir='ltr'><strong>Arbor</strong></span> <span class='ocrx_word' id='word_1_138' title='bbox 631 2200 691 2237; x_wconf 85' lang='lat' dir='ltr'><strong>una</strong></span> <span class='ocrx_word' id='word_1_139' title='bbox 704 2180 831 2253; x_wconf 70' lang='lat' dir='ltr'><strong>nobilis,</strong></span> 
     </span>
    </p>
   </div>
   <div class='ocr_carea' id='block_1_6' title="bbox 254 2260 982 2999">
    <p class='ocr_par' dir='ltr' id='par_1_16' title="bbox 516 2260 982 2579">
     <span class='ocr_line' id='line_1_23' title="bbox 517 2260 936 2337; baseline 0 -19"><span class='ocrx_word' id='word_1_140' title='bbox 517 2260 612 2318; x_wconf 89' lang='lat' dir='ltr'><strong>Nulla</strong></span> <span class='ocrx_word' id='word_1_141' title='bbox 624 2262 708 2337; x_wconf 82' lang='lat' dir='ltr'>sylva</span> <span class='ocrx_word' id='word_1_142' title='bbox 720 2260 811 2319; x_wconf 88' lang='lat' dir='ltr'><strong>talem</strong></span> <span class='ocrx_word' id='word_1_143' title='bbox 824 2260 936 2337; x_wconf 85' lang='lat' dir='ltr'><strong>profert</strong></span> 
     </span>
     <span class='ocr_line' id='line_1_24' title="bbox 517 2341 901 2418; baseline -0.003 -20"><span class='ocrx_word' id='word_1_144' title='bbox 517 2341 641 2414; x_wconf 87' lang='lat' dir='ltr'><strong>Fronde,</strong></span> <span class='ocrx_word' id='word_1_145' title='bbox 658 2342 737 2415; x_wconf 88' lang='lat' dir='ltr'><strong>flore,</strong></span> <span class='ocrx_word' id='word_1_146' title='bbox 751 2341 901 2418; x_wconf 74' lang='lat' dir='ltr'><strong>germine,</strong></span> 
     </span>
     <span class='ocr_line' id='line_1_25' title="bbox 517 2421 982 2499; baseline 0 -20"><span class='ocrx_word' id='word_1_147' title='bbox 517 2423 612 2480; x_wconf 88' lang='lat' dir='ltr'><strong>Dulce</strong></span> <span class='ocrx_word' id='word_1_148' title='bbox 626 2423 749 2499; x_wconf 84' lang='lat' dir='ltr'><strong>lignum,</strong></span> <span class='ocrx_word' id='word_1_149' title='bbox 764 2422 863 2480; x_wconf 85' lang='lat' dir='ltr'><strong>dulces</strong></span> <span class='ocrx_word' id='word_1_150' title='bbox 877 2421 982 2495; x_wconf 85' lang='lat' dir='ltr'><strong>clavos,</strong></span> 
     </span>
     <span class='ocr_line' id='line_1_26' title="bbox 516 2503 885 2579; baseline 0.003 -20"><span class='ocrx_word' id='word_1_151' title='bbox 516 2503 611 2560; x_wconf 85' lang='lat' dir='ltr'><strong>Dulce</strong></span> <span class='ocrx_word' id='word_1_152' title='bbox 624 2503 738 2579; x_wconf 88' lang='lat' dir='ltr'><strong>pondus</strong></span> <span class='ocrx_word' id='word_1_153' title='bbox 752 2503 885 2560; x_wconf 86' lang='lat' dir='ltr'><strong>sustinet</strong></span> 
     </span>
    </p>

    <p class='ocr_par' dir='ltr' id='par_1_17' title="bbox 261 2601 688 2677">
     <span class='ocr_line' id='line_1_27' title="bbox 261 2601 688 2677; baseline 0 -18"><span class='ocrx_word' id='word_1_154' title='bbox 261 2601 290 2660; x_wconf 93' lang='lat' dir='ltr'><strong>V.</strong></span> <span class='ocrx_word' id='word_1_155' title='bbox 334 2601 434 2677; x_wconf 80' lang='lat' dir='ltr'><strong>Pange</strong></span> <span class='ocrx_word' id='word_1_156' title='bbox 447 2602 549 2677; x_wconf 85' lang='lat' dir='ltr'><strong>lingua</strong></span> <span class='ocrx_word' id='word_1_157' title='bbox 562 2601 688 2677; x_wconf 73' lang='lat' dir='ltr'><strong>gloriosi</strong></span> 
     </span>
    </p>

    <p class='ocr_par' dir='ltr' id='par_1_18' title="bbox 254 2681 643 2758">
     <span class='ocr_line' id='line_1_28' title="bbox 254 2681 643 2758; baseline -0.003 -19"><span class='ocrx_word' id='word_1_158' title='bbox 254 2683 401 2758; x_wconf 69' lang='lat' dir='ltr'><strong>Hymnus.</strong></span> <span class='ocrx_word' id='word_1_159' title='bbox 445 2681 528 2739; x_wconf 76' lang='lat' dir='ltr'><strong>Crux</strong></span> <span class='ocrx_word' id='word_1_160' title='bbox 541 2682 643 2739; x_wconf 86' lang='lat' dir='ltr'><strong>fidelis.</strong></span> 
     </span>
    </p>

    <p class='ocr_par' dir='ltr' id='par_1_19' title="bbox 261 2763 531 2838">
     <span class='ocr_line' id='line_1_29' title="bbox 261 2763 531 2838; baseline -0.004 -18"><span class='ocrx_word' id='word_1_161' title='bbox 261 2763 290 2820; x_wconf 90' lang='lat' dir='ltr'><strong>V.</strong></span> <span class='ocrx_word' id='word_1_162' title='bbox 333 2764 380 2820; x_wconf 91' lang='lat' dir='ltr'><strong>De</strong></span> <span class='ocrx_word' id='word_1_163' title='bbox 393 2763 531 2838; x_wconf 89' lang='lat' dir='ltr'><strong>parentis.</strong></span> 
     </span>
    </p>

    <p class='ocr_par' dir='ltr' id='par_1_20' title="bbox 254 2842 640 2919">
     <span class='ocr_line' id='line_1_30' title="bbox 254 2842 640 2919; baseline -0.003 -18"><span class='ocrx_word' id='word_1_164' title='bbox 254 2843 400 2919; x_wconf 75' lang='lat' dir='ltr'><strong>Hymnus.</strong></span> <span class='ocrx_word' id='word_1_165' title='bbox 444 2842 526 2900; x_wconf 76' lang='lat' dir='ltr'><strong>Crux</strong></span> <span class='ocrx_word' id='word_1_166' title='bbox 539 2842 640 2900; x_wconf 85' lang='lat' dir='ltr'><strong>fidelis</strong></span> 
     </span>
    </p>

    <p class='ocr_par' dir='ltr' id='par_1_21' title="bbox 260 2923 495 2999">
     <span class='ocr_line' id='line_1_31' title="bbox 260 2923 495 2999; baseline -0.009 -17"><span class='ocrx_word' id='word_1_167' title='bbox 260 2923 289 2982; x_wconf 95' lang='lat' dir='ltr'><strong>V.</strong></span> <span class='ocrx_word' id='word_1_168' title='bbox 333 2924 401 2981; x_wconf 91' lang='lat' dir='ltr'><strong>Hoc</strong></span> <span class='ocrx_word' id='word_1_169' title='bbox 415 2943 495 2999; x_wconf 88' lang='lat' dir='ltr'><strong>opus.</strong></span> 
     </span>
    </p>
   </div>
   <div class='ocr_carea' id='block_1_7' title="bbox 190 3013 1386 3578">
    <p class='ocr_par' dir='ltr' id='par_1_22' title="bbox 252 3013 1117 3093">
     <span class='ocr_line' id='line_1_32' title="bbox 252 3013 1117 3093; baseline -0.002 -20"><span class='ocrx_word' id='word_1_170' title='bbox 252 3016 336 3073; x_wconf 78' lang='lat' dir='ltr'><strong>Deua</strong></span> <span class='ocrx_word' id='word_1_171' title='bbox 343 3016 474 3093; x_wconf 81' lang='lat' dir='ltr'><strong>populas</strong></span> <span class='ocrx_word' id='word_1_172' title='bbox 487 3017 599 3088; x_wconf 79' lang='lat' dir='ltr'><strong>adoret,</strong></span> <span class='ocrx_word' id='word_1_173' title='bbox 616 3023 741 3073; x_wconf 72' lang='lat' dir='ltr'><strong>meatur</strong></span> <span class='ocrx_word' id='word_1_174' title='bbox 753 3013 923 3091; x_wconf 73' lang='lat' dir='ltr'><strong>Antiphone</strong></span> <span class='ocrx_word' id='word_1_175' title='bbox 936 3034 1003 3072; x_wconf 81' lang='lat' dir='ltr'><strong>cum</strong></span> <span class='ocrx_word' id='word_1_176' title='bbox 1023 3014 1117 3073; x_wconf 76' lang='lat' dir='ltr'><strong>Versu.</strong></span> 
     </span>
    </p>

    <p class='ocr_par' dir='ltr' id='par_1_23' title="bbox 190 3095 1386 3578">
     <span class='ocr_line' id='line_1_33' title="bbox 253 3095 1386 3173; baseline 0.002 -19"><span class='ocrx_word' id='word_1_177' title='bbox 253 3096 336 3154; x_wconf 91' lang='lat' dir='ltr'><strong>Dum</strong></span> <span class='ocrx_word' id='word_1_178' title='bbox 358 3098 517 3154; x_wconf 85' lang='lat' dir='ltr'><strong>fabricator</strong></span> <span class='ocrx_word' id='word_1_179' title='bbox 537 3096 642 3153; x_wconf 93' lang='lat' dir='ltr'><strong>mundi</strong></span> <span class='ocrx_word' id='word_1_180' title='bbox 664 3096 768 3153; x_wconf 88' lang='lat' dir='ltr'><strong>mortis</strong></span> <span class='ocrx_word' id='word_1_181' title='bbox 790 3095 966 3172; x_wconf 89' lang='lat' dir='ltr'><strong>supplicium</strong></span> <span class='ocrx_word' id='word_1_182' title='bbox 987 3101 1139 3173; x_wconf 91' lang='lat' dir='ltr'><strong>pateretur</strong></span> <span class='ocrx_word' id='word_1_183' title='bbox 1162 3095 1196 3152; x_wconf 91' lang='lat' dir='ltr'><strong>in</strong></span> <span class='ocrx_word' id='word_1_184' title='bbox 1220 3115 1316 3171; x_wconf 85' lang='lat' dir='ltr'><strong>cruce,</strong></span> <span class='ocrx_word' id='word_1_185' title='bbox 1337 3095 1386 3156; x_wconf 81' lang='lat' dir='ltr'><strong>ela-</strong></span> 
     </span>
     <span class='ocr_line' id='line_1_34' title="bbox 192 3176 1383 3254; baseline 0.003 -20"><span class='ocrx_word' id='word_1_186' title='bbox 192 3197 276 3236; x_wconf 88' lang='lat' dir='ltr'><strong>mans</strong></span> <span class='ocrx_word' id='word_1_187' title='bbox 293 3197 364 3235; x_wconf 87' lang='lat' dir='ltr'><strong>voce</strong></span> <span class='ocrx_word' id='word_1_188' title='bbox 381 3197 488 3254; x_wconf 85' lang='lat' dir='ltr'><strong>magna</strong></span> <span class='ocrx_word' id='word_1_189' title='bbox 505 3177 628 3234; x_wconf 82' lang='lat' dir='ltr'><strong>tradidit</strong></span> <span class='ocrx_word' id='word_1_190' title='bbox 650 3178 797 3254; x_wconf 88' lang='lat' dir='ltr'><strong>spiritum,</strong></span> <span class='ocrx_word' id='word_1_191' title='bbox 812 3183 843 3235; x_wconf 92' lang='lat' dir='ltr'><strong>et</strong></span> <span class='ocrx_word' id='word_1_192' title='bbox 864 3195 928 3234; x_wconf 88' lang='lat' dir='ltr'><strong>ecce</strong></span> <span class='ocrx_word' id='word_1_193' title='bbox 944 3176 1044 3234; x_wconf 86' lang='lat' dir='ltr'><strong>velum</strong></span> <span class='ocrx_word' id='word_1_194' title='bbox 1065 3176 1171 3253; x_wconf 91' lang='lat' dir='ltr'><strong>templi</strong></span> <span class='ocrx_word' id='word_1_195' title='bbox 1192 3177 1319 3237; x_wconf 87' lang='lat' dir='ltr'><strong>scissum</strong></span> <span class='ocrx_word' id='word_1_196' title='bbox 1337 3182 1383 3249; x_wconf 79' lang='lat' dir='ltr'><strong>est,</strong></span> 
     </span>
     <span class='ocr_line' id='line_1_35' title="bbox 191 3257 1385 3336; baseline 0 -19"><span class='ocrx_word' id='word_1_197' title='bbox 191 3265 383 3317; x_wconf 88' lang='lat' dir='ltr'><strong>monumenta</strong></span> <span class='ocrx_word' id='word_1_198' title='bbox 400 3264 502 3336; x_wconf 88' lang='lat' dir='ltr'><strong>aperta</strong></span> <span class='ocrx_word' id='word_1_199' title='bbox 515 3264 601 3330; x_wconf 88' lang='lat' dir='ltr'><strong>sunt;</strong></span> <span class='ocrx_word' id='word_1_200' title='bbox 621 3263 706 3315; x_wconf 83' lang='lat' dir='ltr'><strong>terrae</strong></span> <span class='ocrx_word' id='word_1_201' title='bbox 727 3262 826 3315; x_wconf 90' lang='lat' dir='ltr'><strong>motus</strong></span> <span class='ocrx_word' id='word_1_202' title='bbox 840 3258 919 3314; x_wconf 90' lang='lat' dir='ltr'><strong>enim</strong></span> <span class='ocrx_word' id='word_1_203' title='bbox 938 3257 1034 3315; x_wconf 78' lang='lat' dir='ltr'><strong>faetus</strong></span> <span class='ocrx_word' id='word_1_204' title='bbox 1053 3258 1152 3315; x_wconf 85' lang='lat' dir='ltr'><strong>fuerat</strong></span> <span class='ocrx_word' id='word_1_205' title='bbox 1169 3277 1308 3336; x_wconf 85' lang='lat' dir='ltr'><strong>magnus,</strong></span> <span class='ocrx_word' id='word_1_206' title='bbox 1322 3258 1385 3336; x_wconf 82' lang='lat' dir='ltr'><strong>quia</strong></span> 
     </span>
     <span class='ocr_line' id='line_1_36' title="bbox 190 3338 1385 3418; baseline 0 -20"><span class='ocrx_word' id='word_1_207' title='bbox 190 3346 316 3398; x_wconf 91' lang='lat' dir='ltr'><strong>mortem</strong></span> <span class='ocrx_word' id='word_1_208' title='bbox 338 3340 409 3397; x_wconf 85' lang='lat' dir='ltr'><strong>Filii</strong></span> <span class='ocrx_word' id='word_1_209' title='bbox 431 3339 490 3397; x_wconf 89' lang='lat' dir='ltr'><strong>Dei</strong></span> <span class='ocrx_word' id='word_1_210' title='bbox 511 3340 656 3397; x_wconf 83' lang='lat' dir='ltr'><strong>clamabat</strong></span> <span class='ocrx_word' id='word_1_211' title='bbox 680 3339 860 3396; x_wconf 85' lang='lat' dir='ltr'><strong>mundasse</strong></span> <span class='ocrx_word' id='word_1_212' title='bbox 884 3338 1029 3396; x_wconf 88' lang='lat' dir='ltr'><strong>sustinere</strong></span> <span class='ocrx_word' id='word_1_213' title='bbox 1052 3357 1113 3395; x_wconf 91' lang='lat' dir='ltr'><strong>non</strong></span> <span class='ocrx_word' id='word_1_214' title='bbox 1136 3357 1230 3415; x_wconf 88' lang='lat' dir='ltr'><strong>posse.</strong></span> <span class='ocrx_word' id='word_1_215' title='bbox 1274 3342 1385 3418; x_wconf 81' lang='lat' dir='ltr'><strong>Aperte</strong></span> 
     </span>
     <span class='ocr_line' id='line_1_37' title="bbox 191 3419 1386 3499; baseline -0.002 -19"><span class='ocrx_word' id='word_1_216' title='bbox 191 3441 260 3499; x_wconf 90' lang='lat' dir='ltr'><strong>ergo</strong></span> <span class='ocrx_word' id='word_1_217' title='bbox 281 3421 386 3478; x_wconf 90' lang='lat' dir='ltr'><strong>militis</strong></span> <span class='ocrx_word' id='word_1_218' title='bbox 409 3421 510 3478; x_wconf 86' lang='lat' dir='ltr'><strong>lancea</strong></span> <span class='ocrx_word' id='word_1_219' title='bbox 528 3421 620 3478; x_wconf 87' lang='lat' dir='ltr'><strong>latero</strong></span> <span class='ocrx_word' id='word_1_220' title='bbox 642 3420 776 3479; x_wconf 74' lang='lat' dir='ltr'><strong>crucifixi</strong></span> <span class='ocrx_word' id='word_1_221' title='bbox 792 3419 925 3491; x_wconf 86' lang='lat' dir='ltr'><strong>Domini,</strong></span> <span class='ocrx_word' id='word_1_222' title='bbox 942 3419 1037 3476; x_wconf 86' lang='lat' dir='ltr'><strong>exivit</strong></span> <span class='ocrx_word' id='word_1_223' title='bbox 1058 3419 1177 3496; x_wconf 79' lang='lat' dir='ltr'><strong>sanguis</strong></span> <span class='ocrx_word' id='word_1_224' title='bbox 1201 3425 1234 3478; x_wconf 89' lang='lat' dir='ltr'><strong>et</strong></span> <span class='ocrx_word' id='word_1_225' title='bbox 1257 3420 1386 3498; x_wconf 61' lang='lat' dir='ltr'><strong>aquain</strong></span> 
     </span>
     <span class='ocr_line' id='line_1_38' title="bbox 190 3502 667 3578; baseline -0.002 -18"><span class='ocrx_word' id='word_1_226' title='bbox 190 3502 422 3578; x_wconf 89' lang='lat' dir='ltr'><strong>redemptionem</strong></span> <span class='ocrx_word' id='word_1_227' title='bbox 436 3502 539 3559; x_wconf 84' lang='lat' dir='ltr'><strong>salutis</strong></span> <span class='ocrx_word' id='word_1_228' title='bbox 553 3508 667 3559; x_wconf 82' lang='lat' dir='ltr'><strong>nostrae.</strong></span> 
     </span>
    </p>
   </div>
   <div class='ocr_carea' id='block_1_8' title="bbox 196 3591 1387 3671">
    <p class='ocr_par' dir='ltr' id='par_1_24' title="bbox 196 3591 1387 3671">
     <span class='ocr_line' id='line_1_39' title="bbox 196 3591 1387 3671; baseline 0.001 -18"><span class='ocrx_word' id='word_1_229' title='bbox 196 3595 225 3652; x_wconf 93' lang='lat' dir='ltr'><strong>V.</strong></span> <span class='ocrx_word' id='word_1_230' title='bbox 256 3594 281 3653; x_wconf 93' lang='grc' dir='ltr'>Ο</span> <span class='ocrx_word' id='word_1_231' title='bbox 309 3594 482 3652; x_wconf 89' lang='lat' dir='ltr'><strong>admirabile</strong></span> <span class='ocrx_word' id='word_1_232' title='bbox 515 3595 653 3671; x_wconf 89' lang='lat' dir='ltr'><strong>pretium,</strong></span> <span class='ocrx_word' id='word_1_233' title='bbox 688 3594 772 3669; x_wconf 89' lang='lat' dir='ltr'><strong>cujus</strong></span> <span class='ocrx_word' id='word_1_234' title='bbox 805 3591 932 3669; x_wconf 90' lang='lat' dir='ltr'><strong>pondere</strong></span> <span class='ocrx_word' id='word_1_235' title='bbox 965 3591 1123 3669; x_wconf 81' lang='lat' dir='ltr'><strong>captivitas</strong></span> <span class='ocrx_word' id='word_1_236' title='bbox 1156 3592 1314 3671; x_wconf 83' lang='lat' dir='ltr'><strong>redempta</strong></span> <span class='ocrx_word' id='word_1_237' title='bbox 1344 3598 1387 3653; x_wconf 84' lang='lat' dir='ltr'><strong>est</strong></span> 
     </span>
    </p>
   </div>
   <div class='ocr_carea' id='block_1_9' title="bbox 182 3673 1388 4071">
    <p class='ocr_par' dir='ltr' id='par_1_25' title="bbox 182 3673 1388 4071">
     <span class='ocr_line' id='line_1_40' title="bbox 189 3673 1387 3769; baseline 0.003 -37"><span class='ocrx_word' id='word_1_238' title='bbox 189 3676 293 3769; x_wconf 81' lang='lat' dir='ltr'><strong>mundi</strong></span> <span class='ocrx_word' id='word_1_239' title='bbox 300 3695 309 3748; x_wconf 91' lang='lat'>;</span> <span class='ocrx_word' id='word_1_240' title='bbox 338 3681 468 3733; x_wconf 84' lang='lat' dir='ltr'><strong>tartarea</strong></span> <span class='ocrx_word' id='word_1_241' title='bbox 485 3675 633 3733; x_wconf 85' lang='lat' dir='ltr'><strong>confracta</strong></span> <span class='ocrx_word' id='word_1_242' title='bbox 649 3680 721 3732; x_wconf 90' lang='lat' dir='ltr'><strong>sunt</strong></span> <span class='ocrx_word' id='word_1_243' title='bbox 734 3675 862 3731; x_wconf 86' lang='lat' dir='ltr'><strong>claustra</strong></span> <span class='ocrx_word' id='word_1_244' title='bbox 874 3673 984 3730; x_wconf 88' lang='lat' dir='ltr'><strong>inferni</strong></span> <span class='ocrx_word' id='word_1_245' title='bbox 992 3693 1002 3746; x_wconf 80' lang='lat'><em>3</em></span> <span class='ocrx_word' id='word_1_246' title='bbox 1022 3679 1123 3750; x_wconf 89' lang='lat' dir='ltr'><strong>aperta</strong></span> <span class='ocrx_word' id='word_1_247' title='bbox 1136 3679 1182 3732; x_wconf 93' lang='lat' dir='ltr'><strong>est</strong></span> <span class='ocrx_word' id='word_1_248' title='bbox 1194 3675 1284 3734; x_wconf 87' lang='lat' dir='ltr'><strong>nobis</strong></span> <span class='ocrx_word' id='word_1_249' title='bbox 1297 3677 1387 3754; x_wconf 85' lang='lat' dir='ltr'><strong>janua</strong></span> 
     </span>
     <span class='ocr_line' id='line_1_41' title="bbox 189 3776 1387 3911; baseline 0.002 -18"><span class='ocrx_word' id='word_1_250' title='bbox 189 3776 382 3895; x_wconf 56' lang='lat' dir='ltr'><strong>regnqlfflem</strong></span> <span class='ocrx_word' id='word_1_251' title='bbox 403 3837 528 3894; x_wconf 80' lang='lat' dir='ltr'><strong>adorate</strong></span> <span class='ocrx_word' id='word_1_252' title='bbox 553 3835 653 3907; x_wconf 74' lang='lat' dir='ltr'><strong>crece,</strong></span> <span class='ocrx_word' id='word_1_253' title='bbox 674 3835 801 3911; x_wconf 64' lang='grc' dir='ltr'><strong>11βαῦεηύ</strong></span> <span class='ocrx_word' id='word_1_254' title='bbox 821 3855 884 3893; x_wconf 84' lang='lat' dir='ltr'><strong>eam</strong></span> <span class='ocrx_word' id='word_1_255' title='bbox 902 3835 962 3893; x_wconf 79' lang='lat' dir='ltr'><strong>duo</strong></span> <span class='ocrx_word' id='word_1_256' title='bbox 989 3834 1098 3894; x_wconf 80' lang='lat' dir='ltr'><strong>Vicere&#39;e&#39;</strong></span> <span class='ocrx_word' id='word_1_257' title='bbox 1117 3854 1209 3910; x_wconf 79' lang='lat' dir='ltr'><strong>usque</strong></span> <span class='ocrx_word' id='word_1_258' title='bbox 1231 3839 1274 3896; x_wconf 82' lang='lat' dir='ltr'><strong>od</strong></span> <span class='ocrx_word' id='word_1_259' title='bbox 1297 3837 1387 3897; x_wconf 70' lang='lat' dir='ltr'><strong>dinem</strong></span> 
     </span>
     <span class='ocr_line' id='line_1_42' title="bbox 182 3915 1388 4071; baseline 0.004 -96"><span class='ocrx_word' id='word_1_260' title='bbox 182 3917 320 4071; x_wconf 57' lang='lat' dir='ltr'><strong>ppppplpri</strong></span> <span class='ocrx_word' id='word_1_261' title='bbox 339 3918 391 3975; x_wconf 80' lang='lat' dir='ltr'><strong>ubi</strong></span> <span class='ocrx_word' id='word_1_262' title='bbox 410 3918 556 3975; x_wconf 82' lang='lat' dir='ltr'><strong>Praeletus</strong></span> <span class='ocrx_word' id='word_1_263' title='bbox 573 3936 636 3975; x_wconf 81' lang='lat' dir='ltr'><strong>eom</strong></span> <span class='ocrx_word' id='word_1_264' title='bbox 653 3917 794 3993; x_wconf 72' lang='lat' dir='ltr'><strong>aceepie&#39;us</strong></span> <span class='ocrx_word' id='word_1_265' title='bbox 810 3916 935 3992; x_wconf 70' lang='lat' dir='ltr'><strong>inceptat</strong></span> <span class='ocrx_word' id='word_1_266' title='bbox 951 3915 1013 3975; x_wconf 75' lang='lat' dir='ltr'><strong>tas</strong></span> <span class='ocrx_word' id='word_1_267' title='bbox 1023 3915 1219 3991; x_wconf 60' lang='lat' dir='ltr'><strong>anselmae,</strong></span> <span class='ocrx_word' id='word_1_268' title='bbox 1233 3928 1261 3976; x_wconf 86' lang='lat' dir='ltr'><strong>et</strong></span> <span class='ocrx_word' id='word_1_269' title='bbox 1279 3918 1388 3979; x_wconf 64' lang='lat' dir='ltr'><strong>Oderat</strong></span> 
     </span>
    </p>
   </div>
   <div class='ocr_carea' id='block_1_10' title="bbox 269 4312 1390 4390">
    <p class='ocr_par' dir='ltr' id='par_1_26' title="bbox 269 4312 1390 4390">
     <span class='ocr_line' id='line_1_43' title="bbox 269 4312 1390 4390; baseline 0.004 -20"><span class='ocrx_word' id='word_1_270' title='bbox 269 4313 401 4390; x_wconf 81' lang='lat' dir='ltr'><strong>Su-per</strong></span> <span class='ocrx_word' id='word_1_271' title='bbox 477 4333 525 4370; x_wconf 95' lang='lat' dir='ltr'><strong>om</strong></span> <span class='ocrx_word' id='word_1_272' title='bbox 544 4349 555 4357; x_wconf 94' lang='lat'><em>·</em></span> <span class='ocrx_word' id='word_1_273' title='bbox 574 4315 638 4370; x_wconf 92' lang='lat' dir='ltr'><strong>ni·</strong></span> <span class='ocrx_word' id='word_1_274' title='bbox 667 4335 685 4372; x_wconf 94' lang='grc'><strong>1</strong></span> <span class='ocrx_word' id='word_1_275' title='bbox 768 4314 849 4390; x_wconf 85' lang='lat' dir='ltr'><strong>ligna</strong></span> <span class='ocrx_word' id='word_1_276' title='bbox 869 4312 1022 4370; x_wconf 91' lang='lat' dir='ltr'><strong>cedrorum</strong></span> <span class='ocrx_word' id='word_1_277' title='bbox 1043 4320 1078 4371; x_wconf 87' lang='lat' dir='ltr'><strong>tu</strong></span> <span class='ocrx_word' id='word_1_278' title='bbox 1100 4313 1162 4372; x_wconf 89' lang='lat' dir='ltr'><strong>sola</strong></span> <span class='ocrx_word' id='word_1_279' title='bbox 1185 4313 1332 4373; x_wconf 86' lang='lat' dir='ltr'><strong>excelsior</strong></span> <span class='ocrx_word' id='word_1_280' title='bbox 1355 4316 1390 4374; x_wconf 92' lang='lat' dir='ltr'><strong>in</strong></span> 
     </span>
    </p>
   </div>
   <div class='ocr_carea' id='block_1_11' title="bbox 187 4393 1390 4552">
    <p class='ocr_par' dir='ltr' id='par_1_27' title="bbox 187 4393 1390 4552">
     <span class='ocr_line' id='line_1_44' title="bbox 187 4393 1390 4472; baseline 0.004 -21"><span class='ocrx_word' id='word_1_281' title='bbox 187 4393 322 4470; x_wconf 82' lang='lat' dir='ltr'><strong>quarite</strong></span> <span class='ocrx_word' id='word_1_282' title='bbox 336 4393 439 4451; x_wconf 90' lang='lat' dir='ltr'><strong>mundi</strong></span> <span class='ocrx_word' id='word_1_283' title='bbox 452 4395 598 4469; x_wconf 83' lang='lat' dir='ltr'><strong>pependit,</strong></span> <span class='ocrx_word' id='word_1_284' title='bbox 613 4397 646 4453; x_wconf 90' lang='lat' dir='ltr'><strong>in</strong></span> <span class='ocrx_word' id='word_1_285' title='bbox 660 4415 719 4472; x_wconf 85' lang='lat' dir='ltr'><strong>qua</strong></span> <span class='ocrx_word' id='word_1_286' title='bbox 733 4395 869 4453; x_wconf 77' lang='lat' dir='ltr'><strong>Christus</strong></span> <span class='ocrx_word' id='word_1_287' title='bbox 881 4395 1097 4472; x_wconf 84' lang='lat' dir='ltr'><strong>triumpharit;</strong></span> <span class='ocrx_word' id='word_1_288' title='bbox 1119 4402 1151 4451; x_wconf 89' lang='lat' dir='ltr'><strong>et</strong></span> <span class='ocrx_word' id='word_1_289' title='bbox 1164 4412 1245 4453; x_wconf 89' lang='lat' dir='ltr'><strong>mors</strong></span> <span class='ocrx_word' id='word_1_290' title='bbox 1258 4402 1390 4456; x_wconf 87' lang='lat' dir='ltr'><strong>mortem</strong></span> 
     </span>
     <span class='ocr_line' id='line_1_45' title="bbox 188 4474 547 4552; baseline 0 -20"><span class='ocrx_word' id='word_1_291' title='bbox 188 4474 338 4552; x_wconf 88' lang='lat' dir='ltr'><strong>superarit</strong></span> <span class='ocrx_word' id='word_1_292' title='bbox 351 4474 383 4531; x_wconf 89' lang='lat' dir='ltr'><strong>iu</strong></span> <span class='ocrx_word' id='word_1_293' title='bbox 397 4480 547 4532; x_wconf 82' lang='lat' dir='ltr'><strong>aeternum.</strong></span> 
     </span>
    </p>
   </div>
   <div class='ocr_carea' id='block_1_12' title="bbox 0 0 1468 4996">
    <p class='ocr_par' dir='ltr' id='par_1_28' title="bbox 0 0 1468 4996">
     <span class='ocr_line' id='line_1_46' title="bbox 0 0 1468 4996; baseline 0 0"><span class='ocrx_word' id='word_1_294' title='bbox 0 0 1468 4996; x_wconf 95' lang='lat' dir='ltr'><strong> </strong></span> 
     </span>
    </p>
   </div>
  </div>
 </body>
</html>
