2926 4996
129 300 192 361 226
409 297 502 360 Doni.
528 294 569 360 ei.
590 304 665 380 post
691 295 827 361 Octucus
849 296 1057 362 Pcoetecostes.

188 463 432 521 Postconemcenio.
609 514 611 519 .

188 544 334 620 Mysteria
354 563 417 616 uos,
439 543 577 612 Domine,
600 550 702 601 sancta
725 543 884 619 purificent
906 549 937 601 et
958 564 1011 601 suo
1035 562 1160 600 munere
1184 549 1320 601 tueantur.

131 624 189 681 Por
203 625 375 682 Dominum.

601 762 703 820 Ferus
727 763 865 832 Qunnrr.

189 878 285 935 Lectio
300 877 368 934 tiore·
381 875 572 951 Apocalypsis
587 875 662 933 teeti
675 874 702 931 J
700 876 825 933 electanis
838 875 970 951 Apostoli
984 874 1027 951 (oc.
1045 875 1152 933 8—oci.·
1163 875 1207 953 4).

191 958 230 1014 111
245 958 347 1015 diebus
360 957 429 1027 illis,
444 957 560 1014 Audivi
574 976 677 1014 vocem
692 957 728 1013 de
745 958 815 1014 caclo
834 957 944 1014 iterum
963 956 1134 1032 loquentem
1148 977 1240 1032 usque
1256 955 1291 1013 ad
1299 960 1321 1012 et

36 1113 40 1122 Ι
131 1041 189 1096 duo
203 1039 385 1107 candelebra,
401 1038 434 1093 in
449 1043 607 1113 conspectu
622 1038 746 1094 Domini
758 1045 845 1095 terroe
860 1044 982 1096 stantes.

191 1119 360 1181 Secundum
374 1119 514 1175 Marcum
527 1117 595 1194 (cii.
613 1119 729 1196 24-30).

194 1200 234 1257 In
247 1201 298 1258 illo
312 1205 452 1274 tempore,
470 1199 599 1274 surgens
609 1199 632 1256 J
633 1219 698 1256 esus
713 1199 788 1256 abiit
801 1199 834 1255 in
848 1199 921 1256 fines
932 1199 1005 1275 Tyri
1018 1205 1048 1255 et
1063 1199 1182 1256 Sidonis
1196 1219 1280 1274 usque
1291 1197 1321 1255 cd

133 1301 221 1358 supra
234 1281 351 1351 lectum,
368 1287 398 1336 et
412 1280 590 1336 daemonium
607 1280 720 1337 exiisse.

219 1487 220 1490 ¹
622 1460 723 1517 anm
745 1459 853 1517 erm.

193 1570 242 1626 Ae
258 1567 520 1625 Thessalonicenses
534 1566 588 1641 (io.
607 1566 700 1644 9-11)

195 1651 337 1706 Fratres:
373 1649 420 1705 De
448 1649 572 1705 caritate
599 1646 795 1705 fraternitatis
823 1666 913 1720 usqne
944 1647 985 1704 ed
1014 1652 1045 1703 et
1079 1646 1193 1703 nullius
1226 1641 1321 1721 aliquid

134 1731 314 1788 desideretis,

195 1811 362 1869 Seceocdnoe
377 1809 489 1867 Lreceot
502 1808 571 1885 (ocii.
589 1808 730 1867 54—ece'a'i.
748 1809 792 1886 5).

195 1893 235 1949 In
259 1892 311 1947 iilo
339 1897 479 1967 tempore,
502 1890 629 1947 Dicebat
656 1891 744 1948 Jesus
772 1888 868 1946 turbis
887 1889 910 1946 J
912 1889 1080 1947 udaeorum:
1108 1888 1186 1946 Oum
1206 1885 1322 1946 videritis

134 1974 244 2031 nubem
259 1972 401 2029 orientem
416 1992 505 2046 'usqne
519 1972 559 2028 ced
573 1970 710 2028 similiter
723 1969 863 2047 peribitis.

354 2157 515 2214 Dornrucr
537 2157 638 2214 Snxri
659 2173 732 2214 rosr
753 2156 894 2214 Ocravss
917 2155 1137 2225 Pnrrncosrns.

199 2238 340 2313 Officium.

195 2320 343 2378 Dominus
357 2319 417 2376 fort
418 2319 503 2375 itudo
516 2318 611 2394 plebis
621 2337 680 2375 suae
695 2324 726 2374 et
739 2323 888 2394 protector
901 2317 1076 2374 salutarium
1091 2316 1206 2375 Christi
1219 2316 1264 2374 sui
1275 2320 1325 2373 est:

133 2401 249 2458 salvum
264 2400 310 2457 fac
323 2401 467 2476 populum
480 2406 576 2470 tuum,
593 2399 743 2456 Domine:
765 2405 795 2456 et
808 2399 930 2456 benedic
943 2398 1113 2456 haereditati
1125 2404 1207 2456 tuae:
1231 2403 1261 2456 et
1272 2413 1325 2472 rege

133 2503 191 2555 eoS,
207 2488 238 2539 et
252 2481 363 2539 extolle
374 2482 442 2538 illos
455 2500 549 2557 usque
562 2481 595 2536 in
609 2480 756 2537 saeculum.

195 2563 344 2621 Psoloncs.

194 2644 246 2700 Ad
266 2650 305 2716 te,
326 2643 465 2714 Domine,
484 2642 625 2713 clamabo,
649 2640 733 2699 Deus
754 2660 846 2714 meus,
870 2660 908 2698 ne
932 2640 1019 2699 sileas
1043 2660 1061 2698 a
1084 2661 1152 2700 me:
1184 2638 1325 2717 nequando

132 2732 230 2783 taceas
243 2745 261 2782 a
274 2744 331 2794 me,
347 2731 377 2782 et
391 2723 576 2781 assimilabor
590 2722 837 2780 descendentibus
850 2722 883 2779 in
897 2722 1002 2780 lacum.

196 2805 305 2863 Oratio.

195 2886 286 2956 Deus,
298 2887 351 2961 qui
361 2885 554 2962 diligentibus
564 2890 594 2941 te
604 2884 682 2942 bona
696 2884 859 2940 invisibilia
872 2883 1054 2960 praeparasti,
1066 2883 1193 2941 infunde
1206 2882 1327 2941 cordibus

133 2967 244 3024 nostris
258 2966 305 3024 tui
318 2967 427 3023 amoris
441 2966 581 3022 affectum
595 2986 601 3021 2
622 2972 657 3022 ut
671 2972 701 3022 te
715 2965 747 3022 in
762 2966 899 3022 omnibus
913 2971 943 3022 et
957 2984 1045 3040 super
1060 2964 1161 3022 omnia
1174 2964 1325 3041 diligentes,

132 3047 340 3124 promissiones
361 3052 438 3118 tuas,
460 3066 525 3122 quae
547 3066 634 3104 omne
654 3045 832 3104 desiderium.
852 3051 1003 3123 superant,
1017 3064 1240 3122 consequamur.
1280 3043 1327 3102 Per

134 3129 307 3187 Dominum.

193 3210 243 3267 Ad
256 3209 405 3266 Rooeenos
419 3207 473 3284 (oi.
492 3208 586 3283 3-11).

193 3291 328 3348 Fratres:
359 3290 546 3364 Quicumque
572 3289 718 3364 baptizati
744 3308 845 3346 sumus
871 3288 905 3345 in
933 3287 1054 3345 Christo
1080 3288 1157 3347 Jesu
1183 3307 1272 3364 usqne
1294 3279 1326 3344 od

131 3372 268 3429 viventes
282 3377 383 3428 autem
398 3371 472 3442 Deo,
489 3370 521 3426 in
536 3369 656 3426 Christo
669 3370 691 3427 J
693 3390 746 3427 esu
760 3369 890 3427 Domino
904 3375 1014 3428 nostro

195 3451 330 3510 Gredole

194 3534 384 3602 Convertere,
399 3531 537 3603 Domine,
553 3531 794 3606 aliquantulum:
816 3537 846 3589 et
860 3531 1015 3608 deprecare
1028 3549 1122 3612 super
1130 3549 1232 3590 servos
1243 3535 1311 3589 tuos.

138 3616 167 3674 V
201 3613 341 3686 Domine,
355 3613 449 3689 refug'
423 3633 505 3669 orum
517 3577 614 3670 fictus
628 3631 659 3669 es
672 3613 777 3670 nobis:
798 3632 816 3669 a
823 3612 1019 3692 generatione
1033 3617 1064 3669 et
1076 3611 1225 3705 progenie.

193 3695 342 3770 Alleluya.
392 3694 421 3751 V.
446 3694 485 3750 In
498 3700 529 3750 te
544 3693 672 3750 Domine
686 3694 811 3769 speravi,
826 3713 887 3750 non
901 3692 1111 3751 confundaiin
1124 3699 1284 3751 aeternum:
1299 3687 1325 3745 in

129 3776 251 3853 justitia
263 3782 318 3832 tua
330 3775 423 3833 libera
437 3794 483 3831 me
498 3781 529 3833 et
542 3774 622 3850 eripe
636 3794 691 3834 me.
733 3774 852 3832 Inclina
865 3774 903 3832 ad
920 3793 968 3832 me
985 3792 1087 3832 aurem
1101 3778 1196 3848 tuam,
1211 3771 1325 3833 11111111

133 3864 169 3914 ut
183 3857 290 3934 eripias
304 3876 359 3914 me.

194 3938 362 3997 secondom
376 3936 551 3994 Mnttbcescoe
565 3937 607 4012 (o.
625 3936 739 4013 20-24).

193 4020 233 4075 111
247 4018 300 4075 illo
314 4025 455 4092 tempore,
472 4017 562 4074 Dixit
576 4018 598 4075 J
600 4037 665 4074 esus
681 4017 833 4094 discipulis
847 4016 926 4089 suis3
952 4015 1054 4074 Amen
1073 4015 1140 4075 dico
1160 4015 1255 4088 vobis,
1269 4010 1325 4092 quit

133 4100 193 4156 nisi
183 4099 404 4157 abundaverit
413 4097 536 4174 justitia
549 4117 640 4172 casque
654 4099 695 4156 ed
709 4105 740 4157 et
752 4107 825 4156 tunc
839 4098 961 4156 veniens
975 4097 1078 4155 offeres
1091 4117 1201 4156 munus
1213 4102 1301 4156 tuum

196 4180 388 4254 offertorium.

192 4261 305 4318 Perfice
319 4279 435 4337 gressus
448 4279 529 4318 meos
542 4259 576 4316 in
589 4260 704 4318 semitis
717 4244 787 4332 tuis,
803 4266 839 4317 ut
852 4279 914 4317 non
927 4263 1105 4317 moveantur
1117 4258 1244 4336 vestigia
1255 4268 1327 4316 mes·

130 4341 242 4398 inclina
261 4361 363 4398 aurem
385 4347 479 4412 tuam,
499 4346 529 4398 et
550 4341 660 4398 exaudi
682 4341 772 4398 verba
792 4361 865 4415 mea,
881 4339 1007 4400 mirifica
1025 4339 1242 4400 misericordius
1260 4344 1326 4407 tunt,

129 4441 183 4497 qur
174 4422 292 4480 salvos
305 4422 378 4480 facis
391 4422 565 4499 sperantes
556 4441 588 4479 m
603 4428 643 4495 te,
659 4422 798 4481 Domine.
