<?xml version="1.0" encoding="UTF-8"?>
<!DOCTYPE html PUBLIC "-//W3C//DTD XHTML 1.0 Transitional//EN"
    "http://www.w3.org/TR/xhtml1/DTD/xhtml1-transitional.dtd">
<html xmlns="http://www.w3.org/1999/xhtml" xml:lang="en" lang="en">
 <head>
  <title>
</title>
<meta http-equiv="Content-Type" content="text/html;charset=utf-8" />
  <meta name='ocr-system' content='tesseract 3.04.00' />
  <meta name='ocr-capabilities' content='ocr_page ocr_carea ocr_par ocr_line ocrx_word'/>
</head>
<body>
  <div class='ocr_page' id='page_1' title='image "./missaleadusumin00churgoog_0188.png"; bbox 0 0 2926 4996; ppageno 0'>
   <div class='ocr_carea' id='block_1_1' title="bbox 499 383 1336 453">
    <p class='ocr_par' dir='ltr' id='par_1_1' title="bbox 499 383 1336 453">
     <span class='ocr_line' id='line_1_1' title="bbox 499 383 1336 453; baseline 0.005 -4"><span class='ocrx_word' id='word_1_1' title='bbox 499 384 595 450; x_wconf 86' lang='lat' dir='ltr'><em>Dom.</em></span> <span class='ocrx_word' id='word_1_2' title='bbox 612 383 662 450; x_wconf 78' lang='lat' dir='ltr'><em>&#39;in</em></span> <span class='ocrx_word' id='word_1_3' title='bbox 685 384 821 451; x_wconf 86' lang='lat' dir='ltr'><em>Ootoois:</em></span> <span class='ocrx_word' id='word_1_4' title='bbox 836 383 979 452; x_wconf 72' lang='lat' dir='ltr'><em>Posotd.</em></span> <span class='ocrx_word' id='word_1_5' title='bbox 1272 383 1336 453; x_wconf 82' lang='lat'><em>137</em></span> 
     </span>
    </p>
   </div>
   <div class='ocr_carea' id='block_1_2' title="bbox 124 549 1337 1702">
    <p class='ocr_par' dir='ltr' id='par_1_2' title="bbox 124 549 1337 948">
     <span class='ocr_line' id='line_1_2' title="bbox 196 549 1335 628; baseline 0.002 -22"><span class='ocrx_word' id='word_1_6' title='bbox 196 549 240 607; x_wconf 81' lang='lat' dir='ltr'><em>Et</em></span> <span class='ocrx_word' id='word_1_7' title='bbox 264 560 333 609; x_wconf 83' lang='lat' dir='ltr'><em>tnnc</em></span> <span class='ocrx_word' id='word_1_8' title='bbox 356 551 568 610; x_wconf 84' lang='lat' dir='ltr'><em>eonoindontnr</em></span> <span class='ocrx_word' id='word_1_9' title='bbox 591 553 643 610; x_wconf 83' lang='lat' dir='ltr'><em>snb</em></span> <span class='ocrx_word' id='word_1_10' title='bbox 667 573 730 610; x_wconf 89' lang='lat' dir='ltr'><em>nno</em></span> <span class='ocrx_word' id='word_1_11' title='bbox 754 551 931 610; x_wconf 81' lang='lat' dir='ltr'><em>omieinsr&#39;one</em></span> <span class='ocrx_word' id='word_1_12' title='bbox 954 551 1029 610; x_wconf 78' lang='lat' dir='ltr'><em>siem</em></span> <span class='ocrx_word' id='word_1_13' title='bbox 1052 561 1078 610; x_wconf 91' lang='lat' dir='ltr'><em>et</em></span> <span class='ocrx_word' id='word_1_14' title='bbox 1101 571 1209 628; x_wconf 78' lang='lat' dir='ltr'><em>semper·</em></span> <span class='ocrx_word' id='word_1_15' title='bbox 1228 550 1335 624; x_wconf 84' lang='lat' dir='ltr'><em>debent,</em></span> 
     </span>
     <span class='ocr_line' id='line_1_3' title="bbox 135 630 1337 712; baseline 0 -23"><span class='ocrx_word' id='word_1_16' title='bbox 135 633 255 708; x_wconf 78' lang='lat' dir='ltr'><em>qnando</em></span> <span class='ocrx_word' id='word_1_17' title='bbox 270 641 386 690; x_wconf 87' lang='lat' dir='ltr'><em>tontnm</em></span> <span class='ocrx_word' id='word_1_18' title='bbox 399 633 465 690; x_wconf 79' lang='lat' dir='ltr'><em>dnos</em></span> <span class='ocrx_word' id='word_1_19' title='bbox 478 642 553 690; x_wconf 89' lang='lat' dir='ltr'><em>snnt.</em></span> <span class='ocrx_word' id='word_1_20' title='bbox 595 633 704 690; x_wconf 83' lang='lat' dir='ltr'><em>Diebus</em></span> <span class='ocrx_word' id='word_1_21' title='bbox 716 654 780 691; x_wconf 80' lang='lat' dir='ltr'><em>uero</em></span> <span class='ocrx_word' id='word_1_22' title='bbox 793 633 959 692; x_wconf 81' lang='lat' dir='ltr'><em>Ferioiibns</em></span> <span class='ocrx_word' id='word_1_23' title='bbox 974 630 1012 712; x_wconf 90' lang='lat' dir='ltr'><em>[ot</em></span> <span class='ocrx_word' id='word_1_24' title='bbox 1025 633 1125 690; x_wconf 78' lang='lat' dir='ltr'><em>diebus</em></span> <span class='ocrx_word' id='word_1_25' title='bbox 1137 632 1232 690; x_wconf 88' lang='lat' dir='ltr'><em>Festis</em></span> <span class='ocrx_word' id='word_1_26' title='bbox 1246 633 1337 690; x_wconf 77' lang='lat' dir='ltr'><em>mium</em></span> 
     </span>
     <span class='ocr_line' id='line_1_4' title="bbox 134 711 1337 794; baseline 0.001 -25"><span class='ocrx_word' id='word_1_27' title='bbox 134 712 305 771; x_wconf 71' lang='lat' dir='ltr'><em>Lectionum</em></span> <span class='ocrx_word' id='word_1_28' title='bbox 327 713 389 773; x_wconf 88' lang='lat' dir='ltr'><em>sine</em></span> <span class='ocrx_word' id='word_1_29' title='bbox 409 714 547 788; x_wconf 69' lang='lat' dir='ltr'><em>regimine</em></span> <span class='ocrx_word' id='word_1_30' title='bbox 568 712 764 772; x_wconf 74' lang='lat' dir='ltr'><em>Ultori-MS.</em></span> <span class='ocrx_word' id='word_1_31' title='bbox 788 711 830 794; x_wconf 90' lang='lat' dir='ltr'><em>D]</em></span> <span class='ocrx_word' id='word_1_32' title='bbox 856 715 996 771; x_wconf 75' lang='lat' dir='ltr'><em>dmnnten</em></span> <span class='ocrx_word' id='word_1_33' title='bbox 1020 723 1075 771; x_wconf 86' lang='lat' dir='ltr'><em>tres</em></span> <span class='ocrx_word' id='word_1_34' title='bbox 1097 714 1141 771; x_wconf 84' lang='lat' dir='ltr'><em>oei</em></span> <span class='ocrx_word' id='word_1_35' title='bbox 1161 713 1288 789; x_wconf 80' lang='lat' dir='ltr'><em>qninqne</em></span> <span class='ocrx_word' id='word_1_36' title='bbox 1310 713 1337 770; x_wconf 88' lang='lat' dir='ltr'><em>si</em></span> 
     </span>
     <span class='ocr_line' id='line_1_5' title="bbox 134 793 1336 870; baseline 0.002 -20"><span class='ocrx_word' id='word_1_37' title='bbox 134 812 242 851; x_wconf 85' lang='lat' dir='ltr'><em>neeesse</em></span> <span class='ocrx_word' id='word_1_38' title='bbox 256 793 375 867; x_wconf 79' lang='lat' dir='ltr'><em>fiterit;</em></span> <span class='ocrx_word' id='word_1_39' title='bbox 398 795 500 870; x_wconf 79' lang='lat' dir='ltr'><em>primo</em></span> <span class='ocrx_word' id='word_1_40' title='bbox 521 794 625 853; x_wconf 76' lang='lat' dir='ltr'><em>seilicet</em></span> <span class='ocrx_word' id='word_1_41' title='bbox 641 795 790 869; x_wconf 73' lang='lat' dir='ltr'><em>pertinens</em></span> <span class='ocrx_word' id='word_1_42' title='bbox 811 795 851 852; x_wconf 85' lang='lat' dir='ltr'><em>noi</em></span> <span class='ocrx_word' id='word_1_43' title='bbox 874 795 1007 866; x_wconf 83' lang='lat' dir='ltr'><em>Missam,</em></span> <span class='ocrx_word' id='word_1_44' title='bbox 1032 794 1149 869; x_wconf 74' lang='lat' dir='ltr'><em>reliquo</em></span> <span class='ocrx_word' id='word_1_45' title='bbox 1173 815 1237 852; x_wconf 78' lang='lat' dir='ltr'><em>oeno</em></span> <span class='ocrx_word' id='word_1_46' title='bbox 1258 794 1336 852; x_wconf 87' lang='lat' dir='ltr'><em>nnde</em></span> 
     </span>
     <span class='ocr_line' id='line_1_6' title="bbox 124 872 1123 948; baseline 0.004 -18"><span class='ocrx_word' id='word_1_47' title='bbox 124 872 247 948; x_wconf 80' lang='lat' dir='ltr'><em>fuerint</em></span> <span class='ocrx_word' id='word_1_48' title='bbox 261 875 402 932; x_wconf 79' lang='lat' dir='ltr'><em>memorr&#39;m</em></span> <span class='ocrx_word' id='word_1_49' title='bbox 415 875 630 947; x_wconf 81' lang='lat' dir='ltr'><em>in&#39;Motntinis,</em></span> <span class='ocrx_word' id='word_1_50' title='bbox 647 884 672 933; x_wconf 94' lang='lat' dir='ltr'><em>et</em></span> <span class='ocrx_word' id='word_1_51' title='bbox 686 875 752 933; x_wconf 84' lang='lat' dir='ltr'><em>oiiae</em></span> <span class='ocrx_word' id='word_1_52' title='bbox 765 876 806 932; x_wconf 86' lang='lat' dir='ltr'><em>nd</em></span> <span class='ocrx_word' id='word_1_53' title='bbox 819 884 925 932; x_wconf 85' lang='lat' dir='ltr'><em>nntnm</em></span> <span class='ocrx_word' id='word_1_54' title='bbox 938 875 1123 935; x_wconf 80' lang='lat' dir='ltr'><em>Sneoentoris.</em></span> 
     </span>
    </p>

    <p class='ocr_par' dir='ltr' id='par_1_3' title="bbox 194 965 1041 1046">
     <span class='ocr_line' id='line_1_7' title="bbox 194 965 1041 1046; baseline 0 -22"><span class='ocrx_word' id='word_1_55' title='bbox 194 965 291 1025; x_wconf 83' lang='lat' dir='ltr'><em>Lectio</em></span> <span class='ocrx_word' id='word_1_56' title='bbox 304 967 443 1043; x_wconf 80' lang='lat' dir='ltr'><em>Epistoioe</em></span> <span class='ocrx_word' id='word_1_57' title='bbox 456 968 531 1026; x_wconf 76' lang='lat' dir='ltr'><em>tenti</em></span> <span class='ocrx_word' id='word_1_58' title='bbox 544 967 693 1026; x_wconf 72' lang='lat' dir='ltr'><em>dolronnis</em></span> <span class='ocrx_word' id='word_1_59' title='bbox 705 966 835 1044; x_wconf 75' lang='lat' dir='ltr'><em>Apostoli</em></span> <span class='ocrx_word' id='word_1_60' title='bbox 850 968 887 1046; x_wconf 85' lang='lat'><em>(1</em></span> <span class='ocrx_word' id='word_1_61' title='bbox 903 989 927 1025; x_wconf 91' lang='lat' dir='ltr'><em>o.</em></span> <span class='ocrx_word' id='word_1_62' title='bbox 945 968 1041 1045; x_wconf 81' lang='lat'><strong><em>4-10).</em></strong></span> 
     </span>
    </p>

    <p class='ocr_par' dir='ltr' id='par_1_4' title="bbox 133 1058 1336 1210">
     <span class='ocr_line' id='line_1_8' title="bbox 195 1058 1336 1136; baseline 0 -18"><span class='ocrx_word' id='word_1_63' title='bbox 195 1058 355 1133; x_wconf 73' lang='lat' dir='ltr'><em>Uerissimi,</em></span> <span class='ocrx_word' id='word_1_64' title='bbox 372 1060 468 1118; x_wconf 85' lang='lat' dir='ltr'><em>Omne</em></span> <span class='ocrx_word' id='word_1_65' title='bbox 482 1060 560 1136; x_wconf 93' lang='lat' dir='ltr'><em>quod</em></span> <span class='ocrx_word' id='word_1_66' title='bbox 573 1065 679 1118; x_wconf 87' lang='lat' dir='ltr'><em>netum</em></span> <span class='ocrx_word' id='word_1_67' title='bbox 692 1065 737 1118; x_wconf 89' lang='lat' dir='ltr'><em>est</em></span> <span class='ocrx_word' id='word_1_68' title='bbox 750 1080 788 1118; x_wconf 86' lang='lat' dir='ltr'><em>ex</em></span> <span class='ocrx_word' id='word_1_69' title='bbox 809 1061 884 1133; x_wconf 89' lang='lat' dir='ltr'><em>Deo,</em></span> <span class='ocrx_word' id='word_1_70' title='bbox 900 1060 995 1118; x_wconf 84' lang='lat' dir='ltr'><em>vineit</em></span> <span class='ocrx_word' id='word_1_71' title='bbox 1016 1060 1161 1118; x_wconf 88' lang='lat' dir='ltr'><em>mundum</em></span> <span class='ocrx_word' id='word_1_72' title='bbox 1183 1079 1273 1136; x_wconf 84' lang='lat' dir='ltr'><em>nsqne</em></span> <span class='ocrx_word' id='word_1_73' title='bbox 1294 1061 1336 1118; x_wconf 88' lang='lat' dir='ltr'><em>od</em></span> 
     </span>
     <span class='ocr_line' id='line_1_9' title="bbox 133 1139 1035 1210; baseline 0 -12"><span class='ocrx_word' id='word_1_74' title='bbox 133 1139 195 1210; x_wconf 79' lang='lat' dir='ltr'><em>Qui</em></span> <span class='ocrx_word' id='word_1_75' title='bbox 209 1141 303 1199; x_wconf 89' lang='lat' dir='ltr'><em>eredit</em></span> <span class='ocrx_word' id='word_1_76' title='bbox 316 1141 348 1197; x_wconf 92' lang='lat' dir='ltr'><em>in</em></span> <span class='ocrx_word' id='word_1_77' title='bbox 362 1140 473 1198; x_wconf 76' lang='lat' dir='ltr'><em>Filium</em></span> <span class='ocrx_word' id='word_1_78' title='bbox 487 1142 547 1198; x_wconf 90' lang='lat' dir='ltr'><em>Dei</em></span> <span class='ocrx_word' id='word_1_79' title='bbox 559 1141 649 1198; x_wconf 82' lang='lat' dir='ltr'><em>habet</em></span> <span class='ocrx_word' id='word_1_80' title='bbox 662 1141 865 1199; x_wconf 88' lang='lat' dir='ltr'><em>testimonium</em></span> <span class='ocrx_word' id='word_1_81' title='bbox 879 1141 939 1198; x_wconf 89' lang='lat' dir='ltr'><em>Dei</em></span> <span class='ocrx_word' id='word_1_82' title='bbox 951 1141 984 1197; x_wconf 90' lang='lat' dir='ltr'><em>in</em></span> <span class='ocrx_word' id='word_1_83' title='bbox 997 1161 1035 1198; x_wconf 90' lang='lat' dir='ltr'><em>se.</em></span> 
     </span>
    </p>

    <p class='ocr_par' dir='ltr' id='par_1_5' title="bbox 130 1221 1335 1378">
     <span class='ocr_line' id='line_1_10' title="bbox 194 1221 1335 1298; baseline 0 -20"><span class='ocrx_word' id='word_1_84' title='bbox 194 1221 344 1297; x_wconf 85' lang='lat' dir='ltr'><em>Alleluye.</em></span> <span class='ocrx_word' id='word_1_85' title='bbox 393 1222 422 1281; x_wconf 99' lang='lat' dir='ltr'><em>V.</em></span> <span class='ocrx_word' id='word_1_86' title='bbox 445 1222 518 1280; x_wconf 88' lang='lat' dir='ltr'><em>Post</em></span> <span class='ocrx_word' id='word_1_87' title='bbox 538 1223 600 1279; x_wconf 82' lang='lat' dir='ltr'><em>dies¹</em></span> <span class='ocrx_word' id='word_1_88' title='bbox 621 1228 696 1292; x_wconf 84' lang='lat' dir='ltr'><em>osto,</em></span> <span class='ocrx_word' id='word_1_89' title='bbox 714 1223 815 1298; x_wconf 74' lang='lat' dir='ltr'><em>januis</em></span> <span class='ocrx_word' id='word_1_90' title='bbox 836 1223 950 1295; x_wconf 86' lang='lat' dir='ltr'><em>clausis,</em></span> <span class='ocrx_word' id='word_1_91' title='bbox 972 1222 1057 1280; x_wconf 84' lang='lat' dir='ltr'><em>stetit</em></span> <span class='ocrx_word' id='word_1_92' title='bbox 1077 1223 1165 1280; x_wconf 87' lang='lat' dir='ltr'><em>Jesus</em></span> <span class='ocrx_word' id='word_1_93' title='bbox 1185 1221 1218 1278; x_wconf 93' lang='lat' dir='ltr'><em>in</em></span> <span class='ocrx_word' id='word_1_94' title='bbox 1237 1221 1335 1280; x_wconf 87' lang='lat' dir='ltr'><em>medio</em></span> 
     </span>
     <span class='ocr_line' id='line_1_11' title="bbox 130 1301 889 1378; baseline 0 -18"><span class='ocrx_word' id='word_1_95' title='bbox 130 1301 344 1378; x_wconf 75' lang='lat' dir='ltr'><em>discipulorum</em></span> <span class='ocrx_word' id='word_1_96' title='bbox 357 1322 497 1360; x_wconf 86' lang='lat' dir='ltr'><em>suorum:</em></span> <span class='ocrx_word' id='word_1_97' title='bbox 518 1308 549 1360; x_wconf 90' lang='lat' dir='ltr'><em>et</em></span> <span class='ocrx_word' id='word_1_98' title='bbox 562 1302 680 1361; x_wconf 88' lang='lat' dir='ltr'><em>dixit</em></span> <span class='ocrx_word' id='word_1_99' title='bbox 656 1323 706 1375; x_wconf 82' lang='lat' dir='ltr'><em>ers,</em></span> <span class='ocrx_word' id='word_1_100' title='bbox 719 1303 785 1360; x_wconf 83' lang='lat' dir='ltr'><em>Pex</em></span> <span class='ocrx_word' id='word_1_101' title='bbox 797 1303 889 1360; x_wconf 83' lang='lat' dir='ltr'><em>vobis.</em></span> 
     </span>
    </p>

    <p class='ocr_par' dir='ltr' id='par_1_6' title="bbox 193 1379 783 1520">
     <span class='ocr_line' id='line_1_12' title="bbox 193 1379 783 1520; baseline 0.003 -82"><span class='ocrx_word' id='word_1_102' title='bbox 193 1379 439 1520; x_wconf 67' lang='lat' dir='ltr'><em>]Nmirepetotnr</em></span> <span class='ocrx_word' id='word_1_103' title='bbox 456 1383 605 1458; x_wconf 77' lang='lat' dir='ltr'><em>Aileluye</em></span> <span class='ocrx_word' id='word_1_104' title='bbox 607 1383 713 1440; x_wconf 88' lang='lat' dir='ltr'><em>—MS</em></span> <span class='ocrx_word' id='word_1_105' title='bbox 730 1381 783 1476; x_wconf 93' lang='lat' dir='ltr'><em>D]</em></span> 
     </span>
    </p>

    <p class='ocr_par' dir='ltr' id='par_1_7' title="bbox 130 1463 1336 1702">
     <span class='ocr_line' id='line_1_13' title="bbox 215 1463 1336 1540; baseline 0 -20"><span class='ocrx_word' id='word_1_106' title='bbox 215 1472 254 1521; x_wconf 92' lang='lat' dir='ltr'><em>ste</em></span> <span class='ocrx_word' id='word_1_107' title='bbox 275 1463 376 1522; x_wconf 80' lang='lat' dir='ltr'><em>Versus</em></span> <span class='ocrx_word' id='word_1_108' title='bbox 389 1484 454 1523; x_wconf 86' lang='lat' dir='ltr'><em>enm</em></span> <span class='ocrx_word' id='word_1_109' title='bbox 474 1485 526 1522; x_wconf 88' lang='lat' dir='ltr'><em>sno</em></span> <span class='ocrx_word' id='word_1_110' title='bbox 546 1464 688 1540; x_wconf 83' lang='lat' dir='ltr'><em>Alleluys</em></span> <span class='ocrx_word' id='word_1_111' title='bbox 709 1464 826 1522; x_wconf 86' lang='lat' dir='ltr'><em>dieotnr</em></span> <span class='ocrx_word' id='word_1_112' title='bbox 841 1463 940 1540; x_wconf 74' lang='lat' dir='ltr'><em>pmmo</em></span> <span class='ocrx_word' id='word_1_113' title='bbox 962 1463 1020 1522; x_wconf 85' lang='lat' dir='ltr'><em>loeo</em></span> <span class='ocrx_word' id='word_1_114' title='bbox 1042 1464 1160 1539; x_wconf 86' lang='lat' dir='ltr'><em>qnondo</em></span> <span class='ocrx_word' id='word_1_115' title='bbox 1180 1463 1231 1539; x_wconf 78' lang='lat' dir='ltr'><em>aqi</em></span> <span class='ocrx_word' id='word_1_116' title='bbox 1231 1471 1280 1520; x_wconf 84' lang='lat' dir='ltr'><em>tm·</em></span> <span class='ocrx_word' id='word_1_117' title='bbox 1300 1464 1336 1521; x_wconf 89' lang='lat' dir='ltr'><em>de</em></span> 
     </span>
     <span class='ocr_line' id='line_1_14' title="bbox 130 1539 621 1619; baseline -0.002 -17"><span class='ocrx_word' id='word_1_118' title='bbox 130 1543 224 1602; x_wconf 79' lang='lat' dir='ltr'><em>Ferin</em></span> <span class='ocrx_word' id='word_1_119' title='bbox 236 1565 292 1619; x_wconf 78' lang='lat' dir='ltr'><em>per</em></span> <span class='ocrx_word' id='word_1_120' title='bbox 306 1539 395 1602; x_wconf 90' lang='lat' dir='ltr'><em>totom</em></span> <span class='ocrx_word' id='word_1_121' title='bbox 407 1545 621 1603; x_wconf 74' lang='lat' dir='ltr'><em>hebdomadon.</em></span> 
     </span>
     <span class='ocr_line' id='line_1_15' title="bbox 193 1623 1336 1702; baseline 0.001 -22"><span class='ocrx_word' id='word_1_122' title='bbox 193 1624 342 1700; x_wconf 83' lang='lat' dir='ltr'><em>Alleluya.</em></span> <span class='ocrx_word' id='word_1_123' title='bbox 398 1626 427 1685; x_wconf 93' lang='lat' dir='ltr'><em>V.</em></span> <span class='ocrx_word' id='word_1_124' title='bbox 483 1625 618 1702; x_wconf 80' lang='lat' dir='ltr'><em>Angelus</em></span> <span class='ocrx_word' id='word_1_125' title='bbox 645 1624 769 1682; x_wconf 89' lang='lat' dir='ltr'><em>Domini</em></span> <span class='ocrx_word' id='word_1_126' title='bbox 792 1625 942 1683; x_wconf 87' lang='lat' dir='ltr'><em>deseendit</em></span> <span class='ocrx_word' id='word_1_127' title='bbox 965 1625 1002 1682; x_wconf 92' lang='lat' dir='ltr'><em>de</em></span> <span class='ocrx_word' id='word_1_128' title='bbox 1023 1625 1116 1683; x_wconf 87' lang='lat' dir='ltr'><em>eoelo:</em></span> <span class='ocrx_word' id='word_1_129' title='bbox 1146 1631 1176 1683; x_wconf 90' lang='lat' dir='ltr'><em>et</em></span> <span class='ocrx_word' id='word_1_130' title='bbox 1198 1623 1336 1682; x_wconf 83' lang='lat' dir='ltr'><em>secedens</em></span> 
     </span>
    </p>
   </div>
   <div class='ocr_carea' id='block_1_3' title="bbox 129 1704 928 1890">
    <p class='ocr_par' dir='ltr' id='par_1_8' title="bbox 129 1704 928 1867">
     <span class='ocr_line' id='line_1_16' title="bbox 129 1704 778 1782; baseline -0.002 -18"><span class='ocrx_word' id='word_1_131' title='bbox 129 1704 262 1764; x_wconf 86' lang='lat' dir='ltr'><em>revolvit</em></span> <span class='ocrx_word' id='word_1_132' title='bbox 275 1704 410 1782; x_wconf 82' lang='lat' dir='ltr'><em>lapidem,</em></span> <span class='ocrx_word' id='word_1_133' title='bbox 426 1712 457 1764; x_wconf 89' lang='lat' dir='ltr'><em>et</em></span> <span class='ocrx_word' id='word_1_134' title='bbox 470 1706 589 1764; x_wconf 77' lang='lat' dir='ltr'><em>sedebat</em></span> <span class='ocrx_word' id='word_1_135' title='bbox 602 1725 690 1782; x_wconf 90' lang='lat' dir='ltr'><em>super</em></span> <span class='ocrx_word' id='word_1_136' title='bbox 703 1725 778 1763; x_wconf 90' lang='lat' dir='ltr'><em>eum.</em></span> 
     </span>
     <span class='ocr_line' id='line_1_17' title="bbox 194 1781 928 1890; baseline 0.003 -48"><span class='ocrx_word' id='word_1_137' title='bbox 194 1781 366 1865; x_wconf 80' lang='lat' dir='ltr'><em>[Repetotnr</em></span> <span class='ocrx_word' id='word_1_138' title='bbox 378 1786 520 1862; x_wconf 84' lang='lat' dir='ltr'><em>Alleluya</em></span> <span class='ocrx_word' id='word_1_139' title='bbox 532 1792 599 1890; x_wconf 82' lang='lat' dir='ltr'><em>post</em></span> <span class='ocrx_word' id='word_1_140' title='bbox 612 1786 750 1844; x_wconf 81' lang='lat' dir='ltr'><em>Versum.</em></span> <span class='ocrx_word' id='word_1_141' title='bbox 753 1786 859 1844; x_wconf 83' lang='lat' dir='ltr'><em>-MS</em></span> <span class='ocrx_word' id='word_1_142' title='bbox 875 1786 913 1844; x_wconf 95' lang='lat' dir='ltr'>D</span> <span class='ocrx_word' id='word_1_143' title='bbox 917 1784 928 1867; x_wconf 98' lang='lat'>]</span> 
     </span>
    </p>
   </div>
   <div class='ocr_carea' id='block_1_4' title="bbox 124 1877 1336 4357">
    <p class='ocr_par' dir='ltr' id='par_1_9' title="bbox 124 1877 1336 2282">
     <span class='ocr_line' id='line_1_18' title="bbox 193 1877 1333 1956; baseline 0.001 -19"><span class='ocrx_word' id='word_1_144' title='bbox 193 1877 350 1953; x_wconf 82' lang='lat' dir='ltr'><em>Seqmntin</em></span> <span class='ocrx_word' id='word_1_145' title='bbox 387 1879 478 1936; x_wconf 83' lang='lat' dir='ltr'><em>Mene</em></span> <span class='ocrx_word' id='word_1_146' title='bbox 515 1880 621 1956; x_wconf 82' lang='lat' dir='ltr'><em>prima</em></span> <span class='ocrx_word' id='word_1_147' title='bbox 645 1879 767 1937; x_wconf 83' lang='lat' dir='ltr'><em>Sabbeti</em></span> <span class='ocrx_word' id='word_1_148' title='bbox 801 1880 918 1937; x_wconf 82' lang='lat' dir='ltr'><em>dicotur</em></span> <span class='ocrx_word' id='word_1_149' title='bbox 953 1887 1069 1936; x_wconf 82' lang='lat' dir='ltr'><em>tontum</em></span> <span class='ocrx_word' id='word_1_150' title='bbox 1102 1879 1136 1936; x_wconf 89' lang='lat' dir='ltr'><em>in</em></span> <span class='ocrx_word' id='word_1_151' title='bbox 1169 1877 1333 1939; x_wconf 86' lang='lat' dir='ltr'><em>Dominieo.</em></span> 
     </span>
     <span class='ocr_line' id='line_1_19' title="bbox 131 1959 1336 2036; baseline 0.001 -20"><span class='ocrx_word' id='word_1_152' title='bbox 131 1959 372 2035; x_wconf 74' lang='lat' dir='ltr'><em>Quondoonnqne</em></span> <span class='ocrx_word' id='word_1_153' title='bbox 386 1961 445 2018; x_wconf 85' lang='lat' dir='ltr'><em>dno</em></span> <span class='ocrx_word' id='word_1_154' title='bbox 465 1960 608 2036; x_wconf 82' lang='lat' dir='ltr'><em>Alleluya</em></span> <span class='ocrx_word' id='word_1_155' title='bbox 628 1969 787 2018; x_wconf 84' lang='lat' dir='ltr'><em>oontontnr</em></span> <span class='ocrx_word' id='word_1_156' title='bbox 802 1960 836 2017; x_wconf 89' lang='lat' dir='ltr'><em>in</em></span> <span class='ocrx_word' id='word_1_157' title='bbox 849 1981 912 2017; x_wconf 79' lang='lat' dir='ltr'><em>nrm</em></span> <span class='ocrx_word' id='word_1_158' title='bbox 926 1959 1028 2031; x_wconf 88' lang='lat' dir='ltr'><em>Misso,</em></span> <span class='ocrx_word' id='word_1_159' title='bbox 1045 1960 1181 2036; x_wconf 80' lang='lat' dir='ltr'><em>primnm</em></span> <span class='ocrx_word' id='word_1_160' title='bbox 1194 1959 1336 2035; x_wconf 80' lang='lat' dir='ltr'><em>Alleluya</em></span> 
     </span>
     <span class='ocr_line' id='line_1_20' title="bbox 124 2039 1335 2116; baseline -0.002 -18"><span class='ocrx_word' id='word_1_161' title='bbox 124 2048 195 2116; x_wconf 82' lang='lat' dir='ltr'><em>post</em></span> <span class='ocrx_word' id='word_1_162' title='bbox 224 2039 342 2098; x_wconf 83' lang='lat' dir='ltr'><em>Versum</em></span> <span class='ocrx_word' id='word_1_163' title='bbox 361 2061 422 2098; x_wconf 92' lang='lat' dir='ltr'><em>non</em></span> <span class='ocrx_word' id='word_1_164' title='bbox 444 2041 576 2112; x_wconf 80' lang='lat' dir='ltr'><em>iteratur,</em></span> <span class='ocrx_word' id='word_1_165' title='bbox 602 2042 651 2099; x_wconf 86' lang='lat' dir='ltr'><em>sed</em></span> <span class='ocrx_word' id='word_1_166' title='bbox 671 2042 830 2099; x_wconf 84' lang='lat' dir='ltr'><em>seeundmn</em></span> <span class='ocrx_word' id='word_1_167' title='bbox 852 2050 974 2098; x_wconf 82' lang='lat' dir='ltr'><em>tantmn.</em></span> <span class='ocrx_word' id='word_1_168' title='bbox 1017 2040 1058 2098; x_wconf 80' lang='lat' dir='ltr'><em>Et</em></span> <span class='ocrx_word' id='word_1_169' title='bbox 1071 2041 1098 2098; x_wconf 89' lang='lat' dir='ltr'><em>si</em></span> <span class='ocrx_word' id='word_1_170' title='bbox 1112 2050 1228 2098; x_wconf 89' lang='lat' dir='ltr'><em>tontnm</em></span> <span class='ocrx_word' id='word_1_171' title='bbox 1240 2060 1335 2097; x_wconf 86' lang='lat' dir='ltr'><em>nnnm</em></span> 
     </span>
     <span class='ocr_line' id='line_1_21' title="bbox 128 2120 1335 2198; baseline -0.002 -20"><span class='ocrx_word' id='word_1_172' title='bbox 128 2120 274 2196; x_wconf 84' lang='lat' dir='ltr'><em>Alleluya</em></span> <span class='ocrx_word' id='word_1_173' title='bbox 294 2121 333 2180; x_wconf 88' lang='lat' dir='ltr'><em>sit</em></span> <span class='ocrx_word' id='word_1_174' title='bbox 354 2122 388 2178; x_wconf 87' lang='lat' dir='ltr'><em>in</em></span> <span class='ocrx_word' id='word_1_175' title='bbox 409 2121 511 2196; x_wconf 82' lang='lat' dir='ltr'><em>oiiqno</em></span> <span class='ocrx_word' id='word_1_176' title='bbox 534 2121 639 2193; x_wconf 88' lang='lat' dir='ltr'><em>Misso,</em></span> <span class='ocrx_word' id='word_1_177' title='bbox 655 2131 723 2180; x_wconf 81' lang='lat' dir='ltr'><em>tnnc</em></span> <span class='ocrx_word' id='word_1_178' title='bbox 742 2121 883 2198; x_wconf 77' lang='lat' dir='ltr'><em>Alleluys</em></span> <span class='ocrx_word' id='word_1_179' title='bbox 902 2122 1043 2179; x_wconf 76' lang='lat' dir='ltr'><em>iteretur*</em></span> <span class='ocrx_word' id='word_1_180' title='bbox 1059 2130 1127 2197; x_wconf 76' lang='lat' dir='ltr'><em>post</em></span> <span class='ocrx_word' id='word_1_181' title='bbox 1154 2121 1279 2193; x_wconf 78' lang='lat' dir='ltr'><em>Versum,</em></span> <span class='ocrx_word' id='word_1_182' title='bbox 1301 2129 1335 2177; x_wconf 89' lang='lat' dir='ltr'><em>nt</em></span> 
     </span>
     <span class='ocr_line' id='line_1_22' title="bbox 129 2199 1121 2282; baseline -0.001 -23"><span class='ocrx_word' id='word_1_183' title='bbox 129 2201 167 2260; x_wconf 88' lang='lat' dir='ltr'><em>in</em></span> <span class='ocrx_word' id='word_1_184' title='bbox 188 2201 399 2277; x_wconf 70' lang='lat' dir='ltr'><em>Rogationibns</em></span> <span class='ocrx_word' id='word_1_185' title='bbox 422 2199 460 2281; x_wconf 89' lang='lat' dir='ltr'><em>[et</em></span> <span class='ocrx_word' id='word_1_186' title='bbox 480 2203 549 2260; x_wconf 81' lang='lat' dir='ltr'><em>otiis</em></span> <span class='ocrx_word' id='word_1_187' title='bbox 561 2202 664 2260; x_wconf 85' lang='lat' dir='ltr'><em>Missis</em></span> <span class='ocrx_word' id='word_1_188' title='bbox 676 2201 1053 2260; x_wconf 83' lang='lat' dir='ltr'><em>Proeessionoiibns.-MS.</em></span> <span class='ocrx_word' id='word_1_189' title='bbox 1070 2199 1121 2282; x_wconf 93' lang='lat' dir='ltr'><em>D].</em></span> 
     </span>
    </p>

    <p class='ocr_par' dir='ltr' id='par_1_10' title="bbox 129 2281 1334 2524">
     <span class='ocr_line' id='line_1_23' title="bbox 191 2281 1334 2359; baseline -0.003 -18"><span class='ocrx_word' id='word_1_190' title='bbox 191 2281 399 2359; x_wconf 78' lang='lat' dir='ltr'><em>Subsequentio</em></span> <span class='ocrx_word' id='word_1_191' title='bbox 412 2293 509 2341; x_wconf 85' lang='lat' dir='ltr'><em>antem</em></span> <span class='ocrx_word' id='word_1_192' title='bbox 522 2284 580 2340; x_wconf 89' lang='lat' dir='ltr'><em>isto</em></span> <span class='ocrx_word' id='word_1_193' title='bbox 589 2304 644 2359; x_wconf 80' lang='lat' dir='ltr'><em>per</em></span> <span class='ocrx_word' id='word_1_194' title='bbox 656 2283 882 2344; x_wconf 70' lang='lat' dir='ltr'><em>hebdomadam</em></span> <span class='ocrx_word' id='word_1_195' title='bbox 891 2284 1014 2340; x_wconf 82' lang='lat' dir='ltr'><em>seeundo</em></span> <span class='ocrx_word' id='word_1_196' title='bbox 1029 2283 1086 2341; x_wconf 83' lang='lat' dir='ltr'><em>loeo</em></span> <span class='ocrx_word' id='word_1_197' title='bbox 1097 2283 1236 2340; x_wconf 77' lang='lat' dir='ltr'><em>dicontur·</em></span> <span class='ocrx_word' id='word_1_198' title='bbox 1245 2301 1334 2356; x_wconf 80' lang='lat' dir='ltr'><em>neqve</em></span> 
     </span>
     <span class='ocr_line' id='line_1_24' title="bbox 129 2361 1334 2443; baseline -0.002 -21"><span class='ocrx_word' id='word_1_199' title='bbox 129 2364 173 2422; x_wconf 78' lang='lat' dir='ltr'><em>od</em></span> <span class='ocrx_word' id='word_1_200' title='bbox 196 2362 397 2422; x_wconf 70' lang='lat' dir='ltr'><em>decensionem</em></span> <span class='ocrx_word' id='word_1_201' title='bbox 418 2385 485 2422; x_wconf 87' lang='lat' dir='ltr'><em>cnm</em></span> <span class='ocrx_word' id='word_1_202' title='bbox 512 2366 547 2422; x_wconf 90' lang='lat' dir='ltr'><em>de</em></span> <span class='ocrx_word' id='word_1_203' title='bbox 572 2363 661 2422; x_wconf 73' lang='lat' dir='ltr'><em>Venio</em></span> <span class='ocrx_word' id='word_1_204' title='bbox 683 2365 793 2422; x_wconf 78' lang='lat' dir='ltr'><em>dicitnr</em></span> <span class='ocrx_word' id='word_1_205' title='bbox 818 2361 855 2443; x_wconf 87' lang='lat' dir='ltr'><em>[et</em></span> <span class='ocrx_word' id='word_1_206' title='bbox 877 2363 911 2421; x_wconf 89' lang='lat' dir='ltr'><em>in</em></span> <span class='ocrx_word' id='word_1_207' title='bbox 932 2363 1026 2421; x_wconf 78' lang='lat' dir='ltr'><em>Vestis</em></span> <span class='ocrx_word' id='word_1_208' title='bbox 1046 2363 1220 2421; x_wconf 84' lang='lat' dir='ltr'><em>Sonetornm</em></span> <span class='ocrx_word' id='word_1_209' title='bbox 1243 2362 1334 2420; x_wconf 86' lang='lat' dir='ltr'><em>trimn</em></span> 
     </span>
     <span class='ocr_line' id='line_1_25' title="bbox 129 2441 1247 2524; baseline -0.002 -21"><span class='ocrx_word' id='word_1_210' title='bbox 129 2444 301 2503; x_wconf 79' lang='lat' dir='ltr'><em>Lectionum</em></span> <span class='ocrx_word' id='word_1_211' title='bbox 314 2445 367 2520; x_wconf 82' lang='lat' dir='ltr'><em>qni</em></span> <span class='ocrx_word' id='word_1_212' title='bbox 379 2466 440 2502; x_wconf 93' lang='lat' dir='ltr'><em>non</em></span> <span class='ocrx_word' id='word_1_213' title='bbox 452 2445 555 2503; x_wconf 75' lang='lat' dir='ltr'><em>dotent</em></span> <span class='ocrx_word' id='word_1_214' title='bbox 575 2445 729 2521; x_wconf 78' lang='lat' dir='ltr'><em>proprium</em></span> <span class='ocrx_word' id='word_1_215' title='bbox 742 2444 1032 2502; x_wconf 74' lang='lat' dir='ltr'><em>intitulatum-MS.</em></span> <span class='ocrx_word' id='word_1_216' title='bbox 1049 2441 1092 2524; x_wconf 97' lang='lat' dir='ltr'><em>D]</em></span> <span class='ocrx_word' id='word_1_217' title='bbox 1110 2443 1247 2515; x_wconf 76' lang='lat' dir='ltr'><em>m’eieiioet,</em></span> 
     </span>
    </p>

    <p class='ocr_par' dir='ltr' id='par_1_11' title="bbox 191 2524 429 2585">
     <span class='ocr_line' id='line_1_26' title="bbox 191 2524 429 2585; baseline 0.013 -3"><span class='ocrx_word' id='word_1_218' title='bbox 191 2524 429 2585; x_wconf 78' lang='lat' dir='ltr'><em>Femosoonndo.</em></span> 
     </span>
    </p>

    <p class='ocr_par' dir='ltr' id='par_1_12' title="bbox 191 2605 1157 2682">
     <span class='ocr_line' id='line_1_27' title="bbox 191 2605 1157 2682; baseline 0.001 -20"><span class='ocrx_word' id='word_1_219' title='bbox 191 2605 341 2682; x_wconf 74' lang='lat' dir='ltr'><em>Alleluye.</em></span> <span class='ocrx_word' id='word_1_220' title='bbox 390 2607 420 2666; x_wconf 94' lang='grc' dir='ltr'><em>Υ.</em></span> <span class='ocrx_word' id='word_1_221' title='bbox 462 2606 600 2669; x_wconf 78' lang='lat' dir='ltr'><em>Surrexit</em></span> <span class='ocrx_word' id='word_1_222' title='bbox 613 2606 759 2663; x_wconf 88' lang='lat' dir='ltr'><em>Dominus</em></span> <span class='ocrx_word' id='word_1_223' title='bbox 770 2625 849 2679; x_wconf 71' lang='lat' dir='ltr'><em>rere,</em></span> <span class='ocrx_word' id='word_1_224' title='bbox 865 2612 896 2663; x_wconf 87' lang='lat' dir='ltr'><em>et</em></span> <span class='ocrx_word' id='word_1_225' title='bbox 909 2605 1045 2682; x_wconf 69' lang='lat' dir='ltr'><em>apparunt</em></span> <span class='ocrx_word' id='word_1_226' title='bbox 1059 2605 1157 2663; x_wconf 81' lang='lat' dir='ltr'><em>Petne.</em></span> 
     </span>
    </p>

    <p class='ocr_par' dir='ltr' id='par_1_13' title="bbox 190 2685 386 2745">
     <span class='ocr_line' id='line_1_28' title="bbox 190 2685 386 2745; baseline 0.005 -2"><span class='ocrx_word' id='word_1_227' title='bbox 190 2685 282 2744; x_wconf 81' lang='lat' dir='ltr'><em>Ferio</em></span> <span class='ocrx_word' id='word_1_228' title='bbox 296 2687 386 2745; x_wconf 86' lang='lat' dir='ltr'><em>tertio.</em></span> 
     </span>
    </p>

    <p class='ocr_par' dir='ltr' id='par_1_14' title="bbox 131 2766 1334 2926">
     <span class='ocr_line' id='line_1_29' title="bbox 192 2766 1334 2845; baseline 0.002 -22"><span class='ocrx_word' id='word_1_229' title='bbox 192 2766 341 2842; x_wconf 88' lang='lat' dir='ltr'><em>Alleluya.</em></span> <span class='ocrx_word' id='word_1_230' title='bbox 390 2768 419 2826; x_wconf 96' lang='grc' dir='ltr'><em>Υ.</em></span> <span class='ocrx_word' id='word_1_231' title='bbox 456 2767 594 2826; x_wconf 73' lang='lat' dir='ltr'><em>Surrexit</em></span> <span class='ocrx_word' id='word_1_232' title='bbox 628 2767 772 2841; x_wconf 77' lang='lat' dir='ltr'><em>Christus,</em></span> <span class='ocrx_word' id='word_1_233' title='bbox 795 2774 836 2842; x_wconf 30' lang='lat' dir='ltr'><em>,et</em></span> <span class='ocrx_word' id='word_1_234' title='bbox 869 2767 972 2825; x_wconf 83' lang='lat' dir='ltr'><em>illuxit</em></span> <span class='ocrx_word' id='word_1_235' title='bbox 1005 2768 1114 2845; x_wconf 89' lang='lat' dir='ltr'><em>populo</em></span> <span class='ocrx_word' id='word_1_236' title='bbox 1142 2786 1212 2825; x_wconf 90' lang='lat' dir='ltr'><em>suo:</em></span> <span class='ocrx_word' id='word_1_237' title='bbox 1246 2785 1334 2845; x_wconf 90' lang='lat' dir='ltr'><em>quem</em></span> 
     </span>
     <span class='ocr_line' id='line_1_30' title="bbox 131 2845 570 2926; baseline 0.005 -22"><span class='ocrx_word' id='word_1_238' title='bbox 131 2845 278 2905; x_wconf 84' lang='lat' dir='ltr'><em>redemit</em></span> <span class='ocrx_word' id='word_1_239' title='bbox 270 2867 332 2924; x_wconf 81' lang='lat' dir='ltr'><em>lpse</em></span> <span class='ocrx_word' id='word_1_240' title='bbox 346 2849 487 2926; x_wconf 77' lang='lat' dir='ltr'><em>sanguine</em></span> <span class='ocrx_word' id='word_1_241' title='bbox 501 2869 570 2911; x_wconf 88' lang='lat' dir='ltr'><em>suo.</em></span> 
     </span>
    </p>

    <p class='ocr_par' dir='ltr' id='par_1_15' title="bbox 191 2927 409 3004">
     <span class='ocr_line' id='line_1_31' title="bbox 191 2927 409 3004; baseline 0.014 -20"><span class='ocrx_word' id='word_1_242' title='bbox 191 2927 282 2986; x_wconf 77' lang='lat' dir='ltr'><em>Ferio</em></span> <span class='ocrx_word' id='word_1_243' title='bbox 295 2939 409 3004; x_wconf 79' lang='lat' dir='ltr'><em>quarto</em></span> 
     </span>
    </p>

    <p class='ocr_par' dir='ltr' id='par_1_16' title="bbox 134 3008 1334 3165">
     <span class='ocr_line' id='line_1_32' title="bbox 192 3008 1334 3088; baseline 0.002 -22"><span class='ocrx_word' id='word_1_244' title='bbox 192 3008 341 3086; x_wconf 72' lang='lat' dir='ltr'><em>Alleluye.</em></span> <span class='ocrx_word' id='word_1_245' title='bbox 390 3010 418 3069; x_wconf 93' lang='lat' dir='ltr'><em>V.</em></span> <span class='ocrx_word' id='word_1_246' title='bbox 462 3011 595 3088; x_wconf 90' lang='lat' dir='ltr'><em>Surgens</em></span> <span class='ocrx_word' id='word_1_247' title='bbox 603 3011 691 3069; x_wconf 90' lang='lat' dir='ltr'><em>Jesus</em></span> <span class='ocrx_word' id='word_1_248' title='bbox 709 3010 857 3068; x_wconf 78' lang='lat' dir='ltr'><em>Dominus</em></span> <span class='ocrx_word' id='word_1_249' title='bbox 869 3016 970 3068; x_wconf 88' lang='lat' dir='ltr'><em>noster</em></span> <span class='ocrx_word' id='word_1_250' title='bbox 983 3011 1081 3087; x_wconf 65' lang='lat' dir='ltr'><em>stans]</em></span> <span class='ocrx_word' id='word_1_251' title='bbox 1094 3009 1237 3068; x_wconf 88' lang='lat' dir='ltr'><em>inmedio</em></span> <span class='ocrx_word' id='word_1_252' title='bbox 1250 3009 1334 3068; x_wconf 86' lang='lat' dir='ltr'><em>disei-</em></span> 
     </span>
     <span class='ocr_line' id='line_1_33' title="bbox 134 3088 624 3165; baseline 0.004 -19"><span class='ocrx_word' id='word_1_253' title='bbox 134 3088 288 3165; x_wconf 84' lang='lat' dir='ltr'><em>pulorum.</em></span> <span class='ocrx_word' id='word_1_254' title='bbox 309 3097 339 3148; x_wconf 88' lang='lat' dir='ltr'><em>et</em></span> <span class='ocrx_word' id='word_1_255' title='bbox 353 3091 438 3164; x_wconf 80' lang='lat' dir='ltr'><em>dixit,</em></span> <span class='ocrx_word' id='word_1_256' title='bbox 455 3091 520 3149; x_wconf 85' lang='lat' dir='ltr'><em>Pax</em></span> <span class='ocrx_word' id='word_1_257' title='bbox 534 3091 624 3149; x_wconf 87' lang='lat' dir='ltr'><em>vobis</em></span> 
     </span>
    </p>

    <p class='ocr_par' dir='ltr' id='par_1_17' title="bbox 191 3170 408 3246">
     <span class='ocr_line' id='line_1_34' title="bbox 191 3170 408 3246; baseline 0.01 -19"><span class='ocrx_word' id='word_1_258' title='bbox 191 3170 282 3228; x_wconf 75' lang='lat' dir='ltr'><em>Venio</em></span> <span class='ocrx_word' id='word_1_259' title='bbox 295 3172 408 3246; x_wconf 82' lang='lat' dir='ltr'><em>quinto.</em></span> 
     </span>
    </p>

    <p class='ocr_par' dir='ltr' id='par_1_18' title="bbox 137 3251 1333 3409">
     <span class='ocr_line' id='line_1_35' title="bbox 190 3251 1333 3328; baseline 0.001 -21"><span class='ocrx_word' id='word_1_260' title='bbox 190 3251 340 3327; x_wconf 82' lang='lat' dir='ltr'><em>Alleluys.</em></span> <span class='ocrx_word' id='word_1_261' title='bbox 390 3253 418 3311; x_wconf 91' lang='grc' dir='ltr'><em>Υ.</em></span> <span class='ocrx_word' id='word_1_262' title='bbox 461 3252 599 3311; x_wconf 85' lang='lat' dir='ltr'><em>Surrexit</em></span> <span class='ocrx_word' id='word_1_263' title='bbox 621 3251 757 3309; x_wconf 78' lang='lat' dir='ltr'><em>Christus</em></span> <span class='ocrx_word' id='word_1_264' title='bbox 770 3253 822 3328; x_wconf 90' lang='lat' dir='ltr'><em>qui</em></span> <span class='ocrx_word' id='word_1_265' title='bbox 836 3252 948 3309; x_wconf 85' lang='lat' dir='ltr'><em>creavit</em></span> <span class='ocrx_word' id='word_1_266' title='bbox 963 3251 1071 3324; x_wconf 82' lang='lat' dir='ltr'><em>omnia,</em></span> <span class='ocrx_word' id='word_1_267' title='bbox 1086 3257 1116 3310; x_wconf 91' lang='lat' dir='ltr'><em>et</em></span> <span class='ocrx_word' id='word_1_268' title='bbox 1136 3251 1274 3310; x_wconf 87' lang='lat' dir='ltr'><em>misertus</em></span> <span class='ocrx_word' id='word_1_269' title='bbox 1288 3257 1333 3309; x_wconf 88' lang='lat' dir='ltr'><em>est</em></span> 
     </span>
     <span class='ocr_line' id='line_1_36' title="bbox 137 3329 492 3409; baseline 0.011 -23"><span class='ocrx_word' id='word_1_270' title='bbox 137 3329 262 3389; x_wconf 86' lang='lat' dir='ltr'><em>humano</em></span> <span class='ocrx_word' id='word_1_271' title='bbox 275 3332 382 3409; x_wconf 82' lang='lat' dir='ltr'><em>generi</em></span> <span class='ocrx_word' id='word_1_272' title='bbox 490 3402 492 3409; x_wconf 19' lang='lat' dir='ltr'>y</span> 
     </span>
    </p>

    <p class='ocr_par' dir='ltr' id='par_1_19' title="bbox 191 3411 380 3470">
     <span class='ocr_line' id='line_1_37' title="bbox 191 3411 380 3470; baseline 0.011 -2"><span class='ocrx_word' id='word_1_273' title='bbox 191 3411 282 3470; x_wconf 81' lang='lat' dir='ltr'><em>Ferio</em></span> <span class='ocrx_word' id='word_1_274' title='bbox 294 3422 380 3470; x_wconf 84' lang='lat' dir='ltr'><em>sento.</em></span> 
     </span>
    </p>

    <p class='ocr_par' dir='ltr' id='par_1_20' title="bbox 140 3490 1330 3631">
     <span class='ocr_line' id='line_1_38' title="bbox 190 3490 1330 3570; baseline -0.001 -21"><span class='ocrx_word' id='word_1_275' title='bbox 190 3493 341 3568; x_wconf 82' lang='lat' dir='ltr'><em>Alleluya.</em></span> <span class='ocrx_word' id='word_1_276' title='bbox 390 3492 418 3551; x_wconf 90' lang='lat' dir='ltr'><em>V.</em></span> <span class='ocrx_word' id='word_1_277' title='bbox 463 3493 597 3551; x_wconf 76' lang='lat' dir='ltr'><em>Christus</em></span> <span class='ocrx_word' id='word_1_278' title='bbox 621 3511 774 3570; x_wconf 78' lang='lat' dir='ltr'><em>resurgens</em></span> <span class='ocrx_word' id='word_1_279' title='bbox 797 3511 835 3549; x_wconf 91' lang='lat' dir='ltr'><em>ex</em></span> <span class='ocrx_word' id='word_1_280' title='bbox 854 3491 996 3550; x_wconf 88' lang='lat' dir='ltr'><em>mortuis:</em></span> <span class='ocrx_word' id='word_1_281' title='bbox 1023 3490 1088 3568; x_wconf 84' lang='lat' dir='ltr'><em>jem</em></span> <span class='ocrx_word' id='word_1_282' title='bbox 1110 3511 1171 3551; x_wconf 91' lang='lat' dir='ltr'><em>non</em></span> <span class='ocrx_word' id='word_1_283' title='bbox 1195 3491 1330 3563; x_wconf 87' lang='lat' dir='ltr'><em>moritur,</em></span> 
     </span>
     <span class='ocr_line' id='line_1_39' title="bbox 140 3573 658 3631; baseline 0.004 -2"><span class='ocrx_word' id='word_1_284' title='bbox 140 3588 209 3631; x_wconf 86' lang='lat' dir='ltr'><em>mors</em></span> <span class='ocrx_word' id='word_1_285' title='bbox 222 3573 269 3630; x_wconf 87' lang='lat' dir='ltr'><em>illi</em></span> <span class='ocrx_word' id='word_1_286' title='bbox 283 3573 364 3630; x_wconf 87' lang='lat' dir='ltr'><em>ultre.</em></span> <span class='ocrx_word' id='word_1_287' title='bbox 376 3593 437 3631; x_wconf 90' lang='lat' dir='ltr'><em>non</em></span> <span class='ocrx_word' id='word_1_288' title='bbox 450 3574 658 3631; x_wconf 85' lang='lat' dir='ltr'><em>dominabitur</em></span> 
     </span>
    </p>

    <p class='ocr_par' dir='ltr' id='par_1_21' title="bbox 190 3652 322 3712">
     <span class='ocr_line' id='line_1_40' title="bbox 190 3652 322 3712; baseline 0.008 -1"><span class='ocrx_word' id='word_1_289' title='bbox 190 3652 322 3712; x_wconf 72' lang='lat' dir='ltr'><em>sabbato</em></span> 
     </span>
    </p>

    <p class='ocr_par' dir='ltr' id='par_1_22' title="bbox 134 3732 1331 3874">
     <span class='ocr_line' id='line_1_41' title="bbox 190 3732 1331 3816; baseline 0 -24"><span class='ocrx_word' id='word_1_290' title='bbox 190 3734 339 3810; x_wconf 82' lang='lat' dir='ltr'><em>Alleluye.</em></span> <span class='ocrx_word' id='word_1_291' title='bbox 389 3734 418 3794; x_wconf 95' lang='lat' dir='ltr'><em>V.</em></span> <span class='ocrx_word' id='word_1_292' title='bbox 462 3734 511 3816; x_wconf 83' lang='lat' dir='ltr'><em>Ite</em></span> <span class='ocrx_word' id='word_1_293' title='bbox 535 3736 672 3792; x_wconf 85' lang='lat' dir='ltr'><em>nuntiate</em></span> <span class='ocrx_word' id='word_1_294' title='bbox 697 3733 839 3792; x_wconf 80' lang='lat' dir='ltr'><em>fratribus</em></span> <span class='ocrx_word' id='word_1_295' title='bbox 860 3733 942 3808; x_wconf 90' lang='lat' dir='ltr'><em>meis,</em></span> <span class='ocrx_word' id='word_1_296' title='bbox 965 3738 1001 3791; x_wconf 88' lang='lat' dir='ltr'><em>ut</em></span> <span class='ocrx_word' id='word_1_297' title='bbox 1022 3734 1121 3792; x_wconf 78' lang='lat' dir='ltr'><em>eant</em></span> <span class='ocrx_word' id='word_1_298' title='bbox 1112 3754 1145 3791; x_wconf 93' lang='lat' dir='ltr'><em>1n</em></span> <span class='ocrx_word' id='word_1_299' title='bbox 1169 3732 1331 3806; x_wconf 78' lang='lat' dir='ltr'><em>Gelilaeam,</em></span> 
     </span>
     <span class='ocr_line' id='line_1_42' title="bbox 134 3806 397 3874; baseline 0.024 -7"><span class='ocrx_word' id='word_1_300' title='bbox 134 3806 397 3874; x_wconf 82' lang='lat' dir='ltr'><em>1b1mevrdebunt</em></span> 
     </span>
    </p>

    <p class='ocr_par' dir='ltr' id='par_1_23' title="bbox 492 3895 925 4357">
     <span class='ocr_line' id='line_1_43' title="bbox 492 3895 834 3972; baseline 0 -19"><span class='ocrx_word' id='word_1_301' title='bbox 492 3896 583 3954; x_wconf 85' lang='lat' dir='ltr'><em>Mene</em></span> <span class='ocrx_word' id='word_1_302' title='bbox 596 3895 692 3972; x_wconf 86' lang='lat' dir='ltr'><em>prime</em></span> <span class='ocrx_word' id='word_1_303' title='bbox 713 3895 834 3953; x_wconf 80' lang='lat' dir='ltr'><em>sabbati</em></span> 
     </span>
     <span class='ocr_line' id='line_1_44' title="bbox 533 3976 857 4053; baseline -0.006 -18"><span class='ocrx_word' id='word_1_304' title='bbox 533 3977 661 4053; x_wconf 90' lang='lat' dir='ltr'><em>Surgens</em></span> <span class='ocrx_word' id='word_1_305' title='bbox 675 3977 733 4034; x_wconf 91' lang='lat' dir='ltr'><em>Dei</em></span> <span class='ocrx_word' id='word_1_306' title='bbox 754 3976 857 4047; x_wconf 85' lang='lat' dir='ltr'><em>Filius,</em></span> 
     </span>
     <span class='ocr_line' id='line_1_45' title="bbox 572 4056 925 4134; baseline -0.003 -19"><span class='ocrx_word' id='word_1_307' title='bbox 572 4058 684 4115; x_wconf 80' lang='lat' dir='ltr'><em>Nostra</em></span> <span class='ocrx_word' id='word_1_308' title='bbox 697 4063 762 4134; x_wconf 87' lang='lat' dir='ltr'><em>spes</em></span> <span class='ocrx_word' id='word_1_309' title='bbox 775 4063 806 4114; x_wconf 86' lang='lat' dir='ltr'><em>et</em></span> <span class='ocrx_word' id='word_1_310' title='bbox 818 4056 912 4134; x_wconf 83' lang='lat' dir='ltr'><em>glorie</em></span> <span class='ocrx_word' id='word_1_311' title='bbox 916 4076 925 4128; x_wconf 82' lang='lat'>3</span> 
     </span>
     <span class='ocr_line' id='line_1_46' title="bbox 493 4138 794 4216; baseline -0.007 -20"><span class='ocrx_word' id='word_1_312' title='bbox 493 4138 584 4196; x_wconf 80' lang='lat' dir='ltr'><em>Victo</em></span> <span class='ocrx_word' id='word_1_313' title='bbox 598 4140 665 4216; x_wconf 90' lang='lat' dir='ltr'><em>rege</em></span> <span class='ocrx_word' id='word_1_314' title='bbox 679 4138 794 4195; x_wconf 86' lang='lat' dir='ltr'><em>sceleris</em></span> 
     </span>
     <span class='ocr_line' id='line_1_47' title="bbox 532 4218 802 4277; baseline -0.004 0"><span class='ocrx_word' id='word_1_315' title='bbox 532 4219 635 4277; x_wconf 89' lang='lat' dir='ltr'><em>Rediit</em></span> <span class='ocrx_word' id='word_1_316' title='bbox 649 4220 686 4276; x_wconf 79' lang='lat' dir='ltr'><em>eb</em></span> <span class='ocrx_word' id='word_1_317' title='bbox 699 4218 802 4276; x_wconf 86' lang='lat' dir='ltr'><em>inferis</em></span> 
     </span>
     <span class='ocr_line' id='line_1_48' title="bbox 571 4299 921 4357; baseline 0 0"><span class='ocrx_word' id='word_1_318' title='bbox 571 4299 648 4357; x_wconf 76' lang='lat' dir='ltr'><em>Cum</em></span> <span class='ocrx_word' id='word_1_319' title='bbox 662 4320 777 4357; x_wconf 85' lang='lat' dir='ltr'><em>summe</em></span> <span class='ocrx_word' id='word_1_320' title='bbox 790 4299 921 4357; x_wconf 77' lang='lat' dir='ltr'><em>victorie.</em></span> 
     </span>
    </p>
   </div>
   <div class='ocr_carea' id='block_1_5' title="bbox 208 4439 1257 4596">
    <p class='ocr_par' dir='ltr' id='par_1_24' title="bbox 208 4439 1257 4596">
     <span class='ocr_line' id='line_1_49' title="bbox 208 4439 1257 4520; baseline 0 -16"><span class='ocrx_word' id='word_1_321' title='bbox 208 4458 223 4482; x_wconf 67' lang='lat'>⁵</span> <span class='ocrx_word' id='word_1_322' title='bbox 237 4439 710 4519; x_wconf 66' lang='lat' dir='ltr'><em>RSD-deiotrepetietootorofiniei.</em></span> <span class='ocrx_word' id='word_1_323' title='bbox 829 4457 1257 4520; x_wconf 78' lang='lat' dir='ltr'><em>†MS.D—inqnoiibetirebdomodn.</em></span> 
     </span>
     <span class='ocr_line' id='line_1_50' title="bbox 420 4534 1048 4596; baseline -0.003 -14"><span class='ocrx_word' id='word_1_324' title='bbox 420 4535 436 4596; x_wconf 81' lang='lat' dir='ltr'>ss</span> <span class='ocrx_word' id='word_1_325' title='bbox 447 4535 481 4584; x_wconf 83' lang='lat' dir='ltr'><em>So</em></span> <span class='ocrx_word' id='word_1_326' title='bbox 490 4534 564 4586; x_wconf 74' lang='lat' dir='ltr'><em>MSS.</em></span> <span class='ocrx_word' id='word_1_327' title='bbox 573 4535 623 4581; x_wconf 83' lang='lat' dir='ltr'><em>end</em></span> <span class='ocrx_word' id='word_1_328' title='bbox 631 4534 705 4594; x_wconf 86' lang='lat' dir='ltr'><em>Edd.;</em></span> <span class='ocrx_word' id='word_1_329' title='bbox 723 4535 912 4582; x_wconf 77' lang='lat' dir='ltr'><em>“stetit&#39;&#39;-Sen</em></span> <span class='ocrx_word' id='word_1_330' title='bbox 923 4535 971 4580; x_wconf 82' lang='lat' dir='ltr'><em>end</em></span> <span class='ocrx_word' id='word_1_331' title='bbox 980 4534 1048 4581; x_wconf 77' lang='lat' dir='ltr'><em>Hert.</em></span> 
     </span>
    </p>
   </div>
   <div class='ocr_carea' id='block_1_6' title="bbox 0 0 1468 4996">
    <p class='ocr_par' dir='ltr' id='par_1_25' title="bbox 0 0 1468 4996">
     <span class='ocr_line' id='line_1_51' title="bbox 0 0 1468 4996; baseline 0 0"><span class='ocrx_word' id='word_1_332' title='bbox 0 0 1468 4996; x_wconf 95' lang='lat' dir='ltr'><em> </em></span> 
     </span>
    </p>
   </div>
  </div>
 </body>
</html>
