2926 4996
387 355 490 420 Faria
504 377 529 420 v.
543 355 669 442 pedraca
683 355 772 422 hebd.
791 356 1070 443 Quadrupesimoe.
1291 362 1330 424 55

189 523 317 582 Gradcle
332 533 400 600 post
419 524 538 581 Versum
550 545 611 581 raon
624 532 777 600 repetatur.

105 656 107 658 .
190 607 337 663 Dominus
357 606 516 662 vobiscum.
560 605 689 662 Etcum
711 606 826 682 spiritu.

190 687 322 745 Oremus.
366 685 534 743 Flectamus
547 706 650 762 genua.
693 687 812 744 Levate.

193 767 301 826 Oratio

191 849 389 906 Devotionem
409 847 512 924 populi
533 847 587 919 tui,
610 867 786 923 quaesumus,
810 847 947 920 Domine,
969 849 1114 926 benignus
1134 849 1273 907 intende:
1300 854 1335 905 ut

128 931 180 1006 qui
203 950 255 1006 per
275 930 487 986 abstinentiam
514 934 703 985 macerantur
722 929 754 985 in
775 949 903 1006 corpore,
925 950 979 1006 per
997 931 1128 988 fructum
1148 930 1220 988 boni
1240 931 1336 1006 operis

129 1011 301 1068 reficiantur
314 1011 347 1067 in
360 1019 467 1067 mente.
511 1009 571 1066 Per
585 1010 755 1068 Dominum.

192 1107 233 1164 Et
247 1115 406 1182 sequautur
419 1106 569 1163 memorioe.

192 1188 288 1246 Lectio
302 1187 370 1244 libri
383 1187 496 1261 Rapum
516 1186 553 1263 (3
573 1186 631 1242 xix.
650 1188 697 1244 3-8
699 1186 723 1264 )

193 1270 232 1326 In
252 1269 355 1325 diebus
375 1268 443 1339 illis,
458 1267 553 1324 Venit
568 1266 673 1325 Helias
686 1269 719 1324 in
733 1268 878 1326 Bersabee
891 1269 913 1325 J
914 1268 973 1326 uda
986 1289 1076 1344 usquc
1091 1271 1131 1327 ad
1144 1269 1338 1346 quadraginta

131 1351 235 1409 diebus
249 1356 279 1407 et
292 1349 489 1426 quadraginta
502 1347 647 1420 noctibus,
663 1368 756 1425 usque
770 1349 808 1406 ad
822 1355 955 1407 montem
970 1351 1029 1408 Dei
1043 1351 1157 1409 Horeb.

196 1431 329 1488 Tractus.

193 1514 240 1570 De
260 1511 486 1569 necessitatibus
507 1513 579 1569 meis
595 1511 674 1587 eripe
689 1530 744 1583 me,
759 1510 907 1569 Domine:
929 1511 997 1569 vide
1018 1512 1221 1570 humilitatem
1241 1531 1337 1569 meam

134 1605 164 1652 et
178 1594 309 1652 laborem
324 1612 423 1649 meum
436 1613 445 1665 3
467 1598 496 1649 et
511 1593 629 1650 dimitte
643 1592 742 1648 omnia
755 1599 876 1668 peccata
888 1612 962 1650 mea.

142 1677 168 1732 Γ.
196 1674 249 1732 Ad
264 1680 295 1731 te
311 1674 410 1731 levavi
430 1675 560 1730 animam
580 1693 697 1730 meam:
722 1673 804 1730 Deus
818 1693 909 1745 meus
925 1675 957 1730 in
970 1679 1001 1730 te
1015 1673 1138 1747 confido,
1153 1694 1214 1732 non
1228 1673 1341 1731 erubes-

135 1777 208 1826 cam,
223 1775 319 1831 neque
333 1755 477 1811 irrideant
491 1775 538 1811 me
551 1754 665 1811 inimici
679 1754 745 1810 mei.

143 1839 170 1895 V.
196 1838 318 1895 Etenim
331 1835 464 1892 universi
483 1836 534 1911 qui
550 1842 581 1892 te
602 1840 761 1911 expectant
781 1854 842 1892 non
863 1835 1099 1894 confundentur:
1122 1835 1343 1894 confundantur

137 1939 237 1976 omnes
251 1918 392 1974 facientes
405 1936 490 1973 vana.

197 1999 366 2057 Secundum
380 1997 555 2054 Marruuium
575 1994 643 2072 (ccii.
661 1997 777 2074 38-50).

198 2081 238 2136 ln
250 2080 303 2136 illo
316 2086 458 2154 tempore,
473 2079 671 2135 Accesserunt
684 2076 722 2134 ad
736 2077 758 2133 J
758 2097 841 2134 esum
855 2077 964 2134 Scribae
978 2083 1009 2135 et
1023 2078 1174 2150 Pharisaei,
1192 2078 1322 2135 dicentes
1333 2097 1342 2149 3

140 2162 291 2238 Magister,
314 2160 450 2216 volumus
474 2179 491 2216 a
518 2164 549 2215 te
577 2159 695 2234 signum
715 2159 814 2215 videre
835 2179 926 2232 usque
946 2160 987 2215 ad
1006 2159 1069 2235 ipse
1089 2178 1172 2216 meus
1192 2159 1292 2231 frater,
1315 2165 1344 2216 et

142 2263 228 2314 soror,
244 2248 274 2298 et
288 2247 383 2298 mater
397 2246 448 2297 est.

201 2322 395 2396 Offertora'um.

199 2403 369 2461 Meditabor
386 2402 419 2458 in
433 2403 581 2459 mandatis
595 2401 655 2458 tuis
669 2420 734 2477 quae
749 2399 843 2458 dilexi
856 2399 962 2458 valde:
985 2408 1016 2458 et
1028 2401 1133 2458 levabo
1147 2421 1252 2458 manus
1266 2420 1346 2458 meas

144 2487 177 2542 ad
190 2485 331 2542 mandata
344 2490 397 2540 tua
410 2502 475 2559 quae
491 2483 591 2542 dilexi.

200 2567 320 2625 Secreto.

201 2647 325 2704 Hostias
348 2646 413 2717 tibi,
439 2645 576 2716 Domine,
600 2642 774 2720 placationis
799 2643 966 2702 offerimus:
996 2649 1032 2701 ut
1056 2650 1087 2701 et
1111 2644 1219 2702 delicta
1246 2650 1347 2701 nostra

148 2731 295 2786 miseratus
308 2728 441 2784 absolvas
455 2736 486 2783 et
504 2725 644 2783 nutantia
658 2725 745 2782 corda
758 2730 794 2781 tu
808 2724 923 2801 dirigas.
969 2725 1028 2782 Per
1042 2726 1214 2783 Dominum.

203 2825 385 2884 Communia.

203 2906 343 2982 Intellige
364 2904 520 2963 clamorem
540 2924 656 2961 meum:
679 2903 800 2960 intende
814 2903 880 2960 voci
901 2904 1042 2961 orationis
1058 2923 1140 2977 meae,
1154 2924 1209 2961 rex
1222 2923 1305 2961 meus
1318 2910 1348 2960 et

146 2987 224 3045 Deus
238 3007 330 3058 meuS,
346 2986 486 3062 quoniam
500 2986 538 3042 ad
551 2993 582 3043 te
596 2985 693 3055 orabo,
710 2984 846 3043 Domine.

202 3085 442 3143 Postcommuar’o.
1019 3149 1022 3153 ,

203 3167 261 3224 Tui
284 3186 346 3237 nos,
368 3164 505 3235 Domine,
527 3164 715 3240 perceptione
739 3164 916 3220 sacramenti
940 3169 971 3220 et
995 3183 1013 3220 a
1037 3161 1147 3221 nostris
1172 3163 1350 3220 mundemur

141 3249 272 3320 occultis
287 3253 318 3305 et
332 3246 370 3304 ab
383 3246 514 3302 hostium
528 3245 688 3301 liberemur
701 3243 823 3301 insidiis.
868 3243 926 3301 Per
940 3244 1111 3301 Dominum.

204 3345 298 3420 Super
311 3343 467 3418 Populum.

204 3426 323 3483 Mentes
343 3430 466 3496 nostrae,
483 3443 659 3499 quaesumus
675 3423 812 3494 Domine,
832 3422 945 3479 lumine
966 3427 1025 3479 tuae
1046 3421 1192 3479 claritatis
1212 3422 1349 3480 illustra:

139 3507 290 3642 llltvidere
310 3505 455 3582 possimus
475 3523 540 3580 quae
561 3504 674 3581 agenda
694 3509 772 3574 sunt,
788 3511 819 3560 et
834 3523 899 3579 quae
913 3509 992 3560 recta
1007 3511 1077 3560 sunt
1091 3522 1176 3580 agere
1190 3502 1348 3560 valeamus.

175 3587 389 3644 erDominum.
1360 3609 1361 3612 ¹

620 3740 721 3797 Fama
743 3740 874 3809 Qumis.

208 3923 354 3980 Confessio
369 3928 399 3978 et
413 3920 603 3997 pulchritudo
616 3919 649 3977 in
663 3925 819 3996 conspectu
833 3920 914 3994 ejus:
935 3918 1075 3975 sanctitas
1088 3924 1120 3975 et
1135 3918 1351 3996 magnificentia

145 3997 185 4057 in
196 4004 422 4061 sanctificatione
436 4003 506 4078 ejus.

209 4085 351 4142 Paolmas.

210 4165 332 4223 (lentate
346 4164 477 4222 Domino
490 4163 639 4220 canticum
653 4181 782 4220 novum:
804 4168 923 4220 cantate
938 4162 1068 4220 Domino
1083 4162 1179 4220 omnis
1192 4168 1278 4220 terra.

213 4246 318 4304 Oratio.

213 4328 405 4404 Omnipotens
426 4325 604 4402 sempiterne
625 4326 715 4398 Deus,
738 4326 789 4401 qui
809 4324 894 4381 nobis
916 4325 948 4380 in
971 4325 1174 4382 observatione
1194 4324 1302 4401 jejunii
1322 4331 1352 4381 et

163 4402 398 4485 eleemosynarum
429 4407 586 4482 largitione
617 4407 742 4482 posuisti
776 4412 946 4462 nostrorum
980 4407 1110 4463 remedia
1144 4413 1352 4482 peccatorum:

167 4490 274 4547 concede
288 4509 342 4546 nos
355 4494 454 4545 mente
469 4494 499 4545 et
512 4507 631 4564 corpore
645 4487 701 4544 tibi
722 4506 836 4563 semper
850 4507 910 4544 esse
925 4486 1053 4544 devotos
1097 4486 1156 4544 Per
1177 4486 1347 4544 Dominum.
