2926 4996
372 373 559 439 Dominica
572 374 617 439 io.
630 381 707 460 post
724 375 789 442 Oct.
806 376 1023 463 Epiphaniae.
1204 381 1210 393 '
1256 381 1297 476 39

150 536 321 597 Secundum
334 540 473 598 Marcam
487 540 548 618 (iii.
567 542 661 620 6-15).

90 700 109 756 d
150 620 191 676 In
205 621 259 713 illo
272 628 412 698 tempore,
425 621 579 680 Exeuntes
588 622 732 681 Pharisaei
746 643 813 682 cum
824 624 1003 684 Herodianis
1016 645 1106 701 aeque
1116 628 1157 684 ad
1167 628 1302 704 ejiciendi

110 719 245 760 amoma.

580 826 681 884 anrn
701 826 810 886 Snxrn

151 959 246 1017 Lectio
260 959 398 1034 Epistola
412 960 486 1018 beati
499 958 526 1015 J
524 961 628 1018 oannis
641 959 762 1036 Apostol
766 961 772 974 '
785 960 803 1038 (
806 961 820 1018 l
836 962 868 1021 ii.
887 962 982 1040 9-13)

152 1039 304 1097 Uerissimi
318 1061 323 1097 :
346 1040 405 1109 Qui
420 1040 491 1098 dicit
505 1061 535 1098 se
549 1043 694 1116 usquead
707 1041 820 1099 vicistis
834 1043 1005 1120 malignum.

150 1119 319 1178 Scaeuam
332 1121 444 1179 Isaeum
458 1120 475 1198 (
494 1167 499 1179 .
519 1122 632 1199 12-15).
844 1192 847 1198 Ι
1186 1174 1188 1178 ⁴
1261 1193 1263 1197 7

150 1200 192 1258 In
204 1201 257 1260 illo
271 1207 411 1279 tempore,
427 1202 503 1260 (lum
516 1209 592 1260 esset
610 1203 632 1261 J
633 1223 698 1261 esus
711 1204 744 1278 in
756 1223 818 1260 una
830 1223 920 1279 usqae
935 1206 975 1262 ad
988 1205 1210 1264 infirmitatibus
1230 1208 1297 1264 suis.
1331 1230 1333 1233 ¹
1450 1260 1454 1267 .

307 1401 469 1460 Donnucn
489 1417 613 1469 aunam
633 1418 705 1459 rosr
726 1401 867 1460 Oornrns
888 1402 1078 1460 Errrnnnrn.

149 1552 200 1609 Ad
213 1552 346 1611 Missam.
391 1549 531 1626 Officium.
574 1552 708 1609 Adorate
722 1551 827 1609 Deum.

153 1632 263 1690 Oratio.

150 1714 242 1786 Deus,
258 1712 310 1789 qui
331 1732 385 1769 nos
405 1712 439 1769 in
461 1713 554 1770 tantis
575 1713 714 1790 periculis
735 1713 911 1771 constitutos
931 1732 985 1789 pro
1002 1713 1132 1771 humana
1146 1715 1201 1772 scis
1214 1715 1299 1792 fragi-

87 1794 176 1852 litate
196 1814 255 1851 non
277 1813 361 1870 posse
381 1794 537 1851 subsistere
548 1815 556 1866 3
585 1795 622 1851 da
643 1795 728 1851 nobis
750 1794 875 1851 salutem
897 1794 1005 1851 mentis
1019 1801 1049 1852 et
1065 1795 1202 1871 corporis,
1216 1802 1251 1854 ut
1265 1817 1299 1854 ea

86 1895 154 1950 quae
168 1895 223 1952 pro
236 1874 364 1952 peccatis
377 1875 486 1932 nostris
500 1876 639 1952 patimur,
650 1880 680 1931 te
691 1875 851 1950 adjuvante
865 1874 1024 1933 vincamus,
1062 1875 1121 1933 Per
1134 1876 1296 1934 Dominum

87 1962 232 2014 nostrum.

148 2035 200 2094 Au
214 2037 363 2094 Romanos
377 2035 456 2114 (xiii.
475 2036 569 2114 8-10)

150 2118 289 2175 Fratres:
311 2117 435 2175 Nemini
446 2118 608 2194 quidquam
618 2116 749 2174 debeatis
758 2136 848 2192 usque
862 2117 902 2174 ad
916 2116 1074 2174 Plenitudo
1085 2137 1153 2194 ergo
1166 2117 1239 2195 legis
1253 2125 1297 2177 est

87 2198 216 2256 dilectio.
942 2212 945 2218 '

150 2279 286 2337 Gradale.
330 2279 490 2336 Timebunt
504 2283 612 2355 gentes,
656 2278 804 2354 Alleluya.
854 2277 883 2335 V.
906 2277 1053 2335 Dominus
1067 2279 1208 2355 regnavit.

147 2359 314 2418 Semurium
328 2360 502 2417 Mattlraeum
516 2358 594 2436 (viii.
608 2359 723 2436 23-27).
769 2373 771 2378 “

147 2441 188 2498 In
210 2441 264 2498 illo
284 2447 425 2518 tempore,
449 2441 639 2498 Ascendente
660 2440 682 2498 J
683 2461 735 2498 esu
755 2439 789 2496 in
810 2439 977 2498 naviculam
999 2459 1089 2514 arque
1103 2441 1143 2497 ad
1163 2441 1247 2498 venti
1265 2448 1294 2499 ct

85 2541 169 2578 usare
183 2522 326 2580 obediunt
339 2523 390 2580 eil

149 2602 343 2677 Offlrtorium.
387 2603 520 2660 Dextera
534 2601 663 2659 Domini

147 2682 268 2742 Secreta.

147 2763 290 2837 Concede,
316 2784 492 2840 quesumus,
517 2764 703 2839 omnipotens
731 2763 821 2835 Deus,
846 2770 883 2821 ut
909 2763 999 2840 hujus
1026 2763 1160 2821 sacrificii
1186 2784 1294 2823 munus

82 2845 219 2902 oblatum
239 2845 431 2922 fragilitatem
447 2851 578 2902 nostram
597 2845 634 2900 ab
652 2845 734 2902 omni
753 2845 831 2901 malo
851 2851 957 2921 purget
977 2864 1099 2921 semper,
1120 2850 1150 2903 et
1170 2847 1292 2904 mimiat.

83 2927 144 2983 Per
164 2926 336 2984 Dominum.

144 3005 295 3081 Praefatio.
340 3007 418 3076 Quia
431 3026 484 3083 per
497 3005 650 3063 incarnati.

145 3085 328 3145 Communia.
371 3088 567 3145 Mirabantur.

144 3167 389 3226 Postcommanio.

145 3248 275 3306 Munera
298 3257 351 3307 tua
372 3268 434 3318 nos,
453 3249 545 3321 Deus,
568 3254 598 3307 et
619 3269 638 3306 a
660 3248 905 3306 delectationibus
928 3249 1054 3307 terrenis
1076 3249 1242 3327 expediant,
1258 3257 1288 3308 et

80 3329 250 3388 caelestibus
264 3350 378 3407 semper
391 3331 542 3394 instruant
552 3330 707 3388 alimentis.
751 3330 810 3388 Per
823 3329 987 3387 Dominum
1000 3336 1142 3388 nostrum.

554 3507 653 3565 Fnarn
675 3508 812 3577 Qunam.

140 3629 192 3686 Ad
207 3630 355 3689 Romanos
367 3629 409 3707 (o.
428 3629 540 3707 12-16).

141 3710 283 3768 Fratres:
310 3711 394 3768 Sicut
407 3730 566 3786 perunum
579 3710 729 3768 hominem
742 3713 885 3787 usquead
905 3711 938 3769 in
952 3711 1201 3788 justificationem.

141 3789 310 3849 Secrmdam
322 3791 363 3848 M
360 3810 462 3848 orcam
475 3790 528 3868 (ai.
548 3792 619 3870 1-6)

139 3872 181 3929 In
193 3873 246 3930 illo
260 3880 401 3948 tempore,
416 3872 558 3948 Egressus
570 3873 592 3930 J
594 3892 659 3929 esus
672 3892 763 3948 usque
776 3874 816 3931 ad
829 3872 1066 3931 incredulitatem
1080 3892 1187 3931 eorum.

570 4057 670 4115 Fama
690 4057 797 4115 Snxrn.

138 4177 190 4234 Ad
205 4176 386 4236 Timotheum
400 4176 436 4255 (2
457 4177 476 4234 i.
494 4177 587 4255 8-13).
638 4203 642 4219 ι

141 4257 299 4317 Carissimo
313 4280 319 4316 ε
347 4258 421 4316 Noli
434 4258 601 4316 erubescere
614 4277 704 4334 aerque
717 4259 757 4316 ad
770 4259 803 4316 in
816 4258 873 4316 fide
886 4265 916 4316 at
930 4258 1092 4324 dilectione.

141 4337 308 4398 secandam
321 4339 434 4397 naam
447 4338 502 4416 (ia.
520 4339 634 4416 57-62).

140 4419 180 4476 In
194 4419 245 4477 illo
256 4427 397 4498 tempore,
410 4420 499 4477 Dixit
509 4420 629 4496 quidam
643 4420 803 4494 adJesum,
813 4419 925 4499 Sequar
938 4426 969 4480 tc
982 4441 1072 4497 usquc
1086 4421 1126 4480 ad
1139 4427 1226 4499 aptus
1240 4428 1285 4480 est

75 4518 173 4578 regno
193 4499 257 4560 Dei
