2926 4996
207 389 248 450 ss
490 354 688 451 riomnna
701 385 744 451 n
757 385 880 451 ramo
893 361 1107 452 Parmam.

207 554 354 611 dicentes:
378 553 410 611 Si
423 552 602 610 dimittimus
616 573 684 610 eum
697 553 747 625 sic,
763 572 864 611 omnes
877 553 997 612 credent
1007 553 1040 610 in
1053 573 1140 627 eum3
1154 560 1184 612 et
1194 554 1273 612 forte
1286 554 1400 613 venient

207 634 345 707 Romani,
360 641 391 692 et
404 634 511 691 tollent
524 634 621 691 locum
633 640 768 691 nostrum
781 641 812 691 et
824 640 951 712 gentem.

265 716 366 773 Finito
379 735 507 790 repressa
515 716 605 790 pnere‘
617 715 651 772 in
665 715 759 772 cltenn
768 735 860 791 snpra
870 716 976 774 ostium
985 715 1118 772 Ecclesia
1133 712 1190 796 [ret
1201 715 1289 792 infra
1302 717 1400 775 ortium

206 795 443 855 Ecclesiae-MS.
460 793 512 875 D.]
528 805 636 853 cenant
656 795 781 854 Versum.

366 876 476 949 Gloria,
491 877 564 948 leue,
579 883 609 934 et
623 877 718 933 honor
730 877 786 933 tibi
801 877 848 949 sit,
864 877 932 934 Rex
947 877 1064 936 Christe
1077 878 1271 955 Redemptor,

405 957 463 1014 Gui
476 957 588 1032 puerile
601 957 688 1014 decus
701 959 845 1034 prompsit
859 958 1004 1016 Hosanna
1016 960 1107 1036 pium.

265 1039 379 1098 oenus
392 1059 458 1095 cunr
469 1039 664 1112 pennflerrione
677 1038 763 1095 dieat.

366 1119 475 1191 Gloria,
490 1119 563 1189 laus,
579 1125 609 1175 et
623 1118 717 1176 honor
730 1119 787 1176 tibi
801 1120 847 1177 sit.

264 1201 364 1259 Pueri.

364 1280 458 1338 Israel
472 1300 501 1337 es
515 1286 550 1337 tu
564 1279 639 1350 Rex,
654 1279 779 1338 Davidis
793 1287 823 1337 et
836 1281 947 1356 inclyta
960 1282 1062 1357 proles.

404 1361 533 1419 Nomine
547 1361 599 1436 qui
612 1361 644 1417 in
659 1361 789 1433 Domini,
805 1362 872 1418 Rex
885 1363 1046 1435 benedicte,
1060 1363 1151 1420 renis.

687 1440 951 1515 Ultores—Gloria,
966 1445 1036 1501 laus

264 1525 364 1583 Pnerr'.

365 1604 466 1662 Goetus
479 1605 512 1660 in
525 1603 647 1661 excelsis
661 1609 691 1660 te
704 1602 807 1660 laudat
821 1603 935 1661 caelicus
949 1605 1053 1677 omnis,

404 1686 444 1742 Et
457 1685 590 1741 mortalis
605 1685 700 1755 homo,
716 1690 747 1741 et
760 1690 866 1740 cuncta
879 1690 977 1741 creata
990 1685 1085 1744 simul.

686 1764 952 1837 Otreres-Gloria,
967 1765 1039 1822 laus.

263 1848 362 1906 Pueri.

363 1929 452 1986 Plebs
466 1928 595 1985 Hebraea
607 1927 663 1984 tibi
678 1946 744 1983 cum
759 1926 864 2002 palmis
878 1927 966 1983 obvia
977 1927 1080 1984 venit:

404 2009 479 2067 Oum
493 2029 586 2085 prece,
600 2014 680 2078 vot0,
694 2008 821 2082 hymnis,
837 2008 975 2064 adsumus
988 2026 1053 2065 ecce
1066 2007 1131 2064 tibi.

685 2087 946 2161 Ultores—Gloria,
961 2088 1034 2160 laus,
1049 2094 1079 2145 et
1092 2086 1188 2144 honor
1201 2088 1260 2144 tibi
1274 2089 1321 2146 sit

262 2171 354 2228 Pueri
373 2171 555 2246 reinerpr'ont.

363 2253 471 2324 Gloria,
487 2252 559 2322 laus,
574 2257 604 2308 et
617 2251 712 2307 honor
725 2250 782 2306 tibi
795 2250 843 2321 sit,
858 2250 926 2306 Rex
941 2249 1057 2307 Christe
1072 2249 1263 2326 Redemptor,

402 2333 459 2390 cui
472 2333 584 2409 puerile
598 2333 685 2389 decus
698 2332 842 2408 prompsit
856 2331 1000 2388 Hosanna
1015 2331 1104 2407 pium.

260 2415 300 2471 Et
317 2413 427 2472 Ultores
441 2415 544 2471 stando
551 2414 650 2487 finiet.

262 2493 314 2575 [In
327 2496 396 2552 eliis
408 2515 471 2551 uero
487 2494 561 2565 locis,
573 2495 624 2551 nbi
637 2513 697 2550 non
706 2493 826 2550 liabetur
836 2494 943 2550 ostium
953 2492 1130 2564 occidentale,
1138 2495 1199 2566 fiat
1208 2493 1268 2550 iste
1277 2493 1399 2561 secunde

200 2577 286 2634 statio
300 2578 341 2633 ad
354 2577 460 2633 ostierm
474 2575 684 2632 nostrate-ill
690 2575 716 2630 S.
735 2571 786 2653 D]

260 2657 371 2714 Deinde
381 2657 505 2713 introeat
509 2655 660 2730 processio,
668 2653 790 2713 Cantore
802 2652 970 2734 [Enecntore
981 2653 1170 2728 officii—MS.
1185 2651 1239 2734 D.]
1250 2655 1399 2731 incipiente

259 2737 491 2812 Iteaponsorinm.

260 2817 450 2894 Ingrediente
471 2817 601 2874 Domino
614 2816 647 2872 in
660 2821 792 2873 sanctam
813 2816 973 2889 civitatem,
989 2815 1184 2874 Hebraeorum
1205 2817 1292 2892 pueri
1312 2835 1399 2874 resur-

200 2899 360 2956 rectionem
382 2898 451 2955 vitae
472 2899 706 2975 pronuntiantes,
729 2897 804 2954 (lum
825 2897 915 2954 ramis
937 2896 1109 2974 palmarum,
1132 2897 1280 2955 Hosanna
1300 2898 1399 2955 clame·

200 2980 274 3036 bant
288 2979 320 3034 in
334 2979 463 3036 excelsis.

260 3059 336 3117 Oum
363 3060 492 3117 audisset
518 3060 643 3135 populus
670 3059 740 3134 quia
767 3058 855 3117 d'esus
881 3059 964 3116 venit
995 3058 1234 3134 Hierosolymam
1264 3059 1398 3118 exierunt

200 3141 315 3198 obviam
330 3141 365 3198 ei.
409 3140 485 3198 Oum
499 3141 588 3197 ramis
601 3140 772 3216 palmarum.
818 3148 819 3151 ’

189 3259 191 3263 -
259 3222 333 3279 Edd.
361 3230 387 3280 et
414 3221 478 3279 MS.
503 3220 621 3278 B.—In
651 3221 784 3295 inpressu
884 3220 949 3277 MS.
973 3219 1011 3278 D.
1023 3219 1174 3277 -Finr'to
1210 3219 1397 3297 Responeorie

196 3304 382 3378 processionis
400 3303 544 3360 Prretetns
559 3311 600 3359 ter
606 3303 694 3376 flemis
705 3302 782 3377 peni·
822 3320 889 3358 enne
918 3302 1013 3370 Versa,
1037 3301 1180 3358 Erecntor
1208 3299 1312 3376 Officii,
1338 3303 1396 3361 serb-

199 3385 251 3443 bns
264 3394 330 3442 ante
345 3383 465 3444 Crncern
479 3384 684 3458 discoopertam
818 3391 907 3439 etreto
923 3391 1023 3458 tapeto,
1040 3380 1160 3440 Ornce'rn
1179 3383 1329 3457 majorem,
1344 3403 1396 3441 nr-

821 3464 922 3520 daturn
936 3484 955 3520 e
968 3462 1112 3533 Sacristr'e,
1120 3463 1209 3536 flente
1220 3464 1344 3537 penitus

258 3547 357 3604 adoret
375 3547 471 3603 dicens
485 3545 629 3602 cantando
647 3544 723 3615 Ave,
737 3544 805 3601 Rex
824 3550 930 3600 noster.
966 3544 1007 3600 Et
1022 3542 1135 3601 Chorus
1150 3540 1254 3622 [flente
1272 3545 1395 3619 penites,

193 3627 264 3685 MS.
281 3625 332 3707 D.]
347 3627 424 3684 idere
437 3635 552 3701 repetat.

260 3705 335 3788 [IIoc
350 3718 391 3765 ter
403 3711 463 3782 fiet
476 3728 496 3764 n
509 3707 635 3765 Proeleto
649 3715 675 3764 et
689 3706 790 3764 totiens
804 3726 824 3763 n
838 3705 932 3765 Cleoro
940 3727 953 3775 ;
984 3714 1010 3763 et
1033 3704 1118 3763 tertie
1138 3705 1197 3763 rice
1211 3716 1397 3780 percontetur

199 3798 258 3846 tote
270 3787 556 3864 Antiphone—MS.
572 3784 625 3867 D.]

258 3868 436 3945 Antrplrone.
548 3920 550 3929 .

191 3964 194 3969 ’
258 3949 327 4006 Ave
349 3950 417 4007 Rex
437 3956 546 4020 noster,
571 3948 629 4005 Fili
654 3948 761 4020 David,
779 3947 969 4024 Redemptor
992 3946 1104 4018 mundi,
1130 3966 1218 4023 quem
1247 3948 1395 4026 prophete

197 4030 430 4107 praedicaverunt
454 4031 635 4088 salvatorem
659 4029 759 4086 domui
784 4028 877 4086 Israel
902 4047 964 4086 esse
984 4035 1174 4086 venturum·
1196 4029 1238 4086 Te
1260 4030 1342 4087 enim
1360 4029 1397 4088 ad

196 4112 355 4168 salutarem
373 4111 524 4168 victimam
542 4111 633 4168 Pater
649 4111 731 4166 misit
753 4110 786 4166 in
807 4110 959 4182 mundum,
979 4129 1067 4185 quem
1084 4110 1281 4186 expectabant
1299 4129 1399 4169 omnes

163 4237 166 4244 .
197 4191 291 4249 sancti
310 4192 348 4248 ab
368 4192 481 4267 origine
501 4192 613 4264 mundi,
629 4197 659 4248 et
674 4210 760 4248 nunc.
805 4191 949 4248 Hosanna
969 4190 1047 4247 Filio
1068 4190 1175 4247 David.
1218 4190 1399 4250 Benedictus

198 4273 249 4349 qui
262 4272 345 4329 venit
358 4272 391 4328 in
404 4273 523 4330 nomine
537 4273 672 4330 Domine.
716 4272 860 4329 Hosanna
873 4272 906 4328 in
920 4271 1049 4328 excelsis

257 4352 377 4412 Postea·
390 4371 453 4410 vero
471 4362 607 4427 quattuor
623 4353 667 4410 rel
686 4371 733 4411 sen
757 4353 865 4411 Vicerii
885 4353 919 4409 in
935 4350 1069 4428 pulpitol
1090 4351 1237 4427 inceptant
1260 4348 1401 4433 [conrasi

195 4435 237 4492 'cd
252 4433 503 4510 populun-MS.
520 4431 569 4513 D].

255 4567 268 4591 ⁸
284 4566 336 4613 MS.
348 4565 482 4613 E-Finito
492 4569 559 4611 cantu
568 4579 608 4611 rex
618 4571 656 4611 aut
665 4565 746 4624 plnres
759 4565 867 4612 Canonice'
876 4565 912 4610 rel
927 4565 1014 4612 Vicani
1024 4564 1049 4611 in
1059 4564 1115 4612 ostio
1128 4564 1198 4612 Cleri
1206 4565 1328 4626 incipient.
