2926 4996
135 341 179 408 70
445 340 665 406 Hebdomada
679 341 735 407 iii.
754 341 1036 426 Quadrapcsimoe.

199 507 438 647 giiillabmmum
458 589 491 646 in
511 596 541 646 te
562 595 689 666 sperant,
706 589 851 646 Domine:
872 595 902 648 et
920 595 955 646 tu
974 589 1026 648 das
1043 589 1103 647 illis
1118 610 1215 649 escam
1228 593 1262 650 in
1275 569 1347 652 tem-

49 693 50 697 *
137 690 207 745 pore
221 676 397 747 opportuno..

144 751 171 808 V.
197 751 307 827 Aperis
321 759 356 807 tu
370 771 490 811 manum
504 757 605 808 tuam:
626 756 658 808 et
670 750 774 826 imples
788 770 874 808 omne
888 751 999 809 animal
1012 752 1228 812 benedictione.

197 831 363 889 Secundum
377 831 542 890 Jobaaacm
563 831 617 910 (oi.
634 832 748 909 27-35).

197 912 236 969 In
250 913 302 969 illo
315 919 454 989 tempore,
466 912 555 969 Dixit
562 912 584 970 J
585 932 650 969 esus
664 913 761 970 turbis
770 912 792 970 J
793 913 944 969 udaeorum
956 933 962 970 :
984 912 1156 990 Operamini
1170 934 1232 972 non
1246 917 1343 974 cibum

136 994 188 1068 qui
201 993 279 1070 perit
298 1014 388 1069 osque
402 995 442 1050 ad
462 1013 523 1051 non
537 995 662 1050 esuriet:
683 1001 713 1050 et
729 993 780 1069 qui
794 994 885 1051 credit
900 993 933 1050 in
946 1014 1002 1066 me,
1016 1013 1077 1052 non
1091 995 1174 1053 sitiet
1188 1016 1328 1073 unquam

197 1073 388 1147 Offcrtorium.

195 1155 228 1212 Si
251 1155 440 1212 ambulavero
464 1156 495 1212 in
520 1155 616 1212 medio
643 1155 844 1212 tribulationis
869 1155 1032 1212 vivificabis
1055 1177 1111 1230 me,
1135 1157 1287 1216 Domine:
1311 1163 1343 1216 'et

134 1255 222 1312 super
241 1237 316 1292 iram
336 1236 523 1293 inimicorum
544 1255 676 1293 meorum
697 1236 838 1293 extendes
858 1256 980 1293 manum
1000 1242 1093 1310 tuam,
1110 1242 1141 1295 et
1159 1239 1277 1296 salvum
1297 1260 1342 1296 me

134 1316 204 1373 fecit
218 1316 339 1374 dextera
352 1322 412 1373 tua.

195 1396 314 1454 Socrates.

196 1479 255 1535 Fac
269 1497 330 1549 nos,
347 1479 483 1549 Domine,
499 1497 673 1554 quaesumus,
688 1478 726 1535 ad
740 1483 841 1535 sancta
856 1478 997 1554 mysteria
1010 1479 1174 1556 purificatis
1194 1481 1342 1539 mentibus

134 1559 287 1617 accedere:
315 1565 350 1616 ut
374 1558 432 1616 tibi
455 1578 569 1636 semper
593 1565 760 1635 competens
783 1559 948 1616 deferamus
975 1560 1155 1637 obsequium.
1201 1561 1262 1619 Per
1285 1564 1342 1620 Do-

135 1660 257 1696 minum.

196 1719 376 1780 Ooaioauaio.

195 1802 241 1858 Tu
261 1801 409 1858 mandasti
429 1802 569 1858 mandata
589 1806 641 1859 tua
661 1800 801 1859 custodiri
821 1801 928 1859 nimis:
956 1801 1072 1860 utinam
1097 1803 1268 1880 dirigantur
1287 1806 1342 1864 vim·

134 1903 204 1938 meae
219 1883 256 1939 ad
270 1883 474 1940 custodiendas
483 1883 710 1958 justificationes
723 1890 799 1940 tuae.

192 1964 435 2022 Poetcommaoio.

194 2045 376 2102 Sacramenti
389 2044 444 2117 tui,
460 2044 596 2116 Domine,
611 2043 779 2101 veneranda
792 2045 949 2120 perceptio,
966 2051 996 2102 et
1009 2045 1134 2122 mystico
1148 2066 1204 2105 nos
1217 2048 1342 2107 mundet

134 2127 248 2197 effectu,
264 2133 294 2183 et
307 2131 449 2202 perpetua
462 2127 575 2183 virtute
589 2125 734 2182 defendat.
779 2125 838 2182 Per
852 2126 1024 2204 Dominum,

193 2207 288 2283 Super
301 2207 458 2281 Populum.
1144 2247 1153 2264 i

194 2288 365 2364 Subjectum
393 2287 449 2344 tibi
476 2288 627 2364 populum,
654 2306 830 2362 quaesumuS,
856 2287 992 2358 Domine,
1018 2287 1192 2364 propitiatio
1217 2291 1338 2349 caelestis

132 2369 299 2445 amplificet,
314 2375 345 2426 et
358 2369 418 2426 tuis
431 2368 520 2426 faciat
534 2388 648 2444 semper
661 2368 771 2425 servire
784 2367 939 2425 mandatis
983 2368 1043 2425 Per
1057 2369 1231 2427 Dominum.

621 2569 723 2625 Fusus
743 2567 853 2626 Suxra

196 2673 334 2748 Officium.

195 2756 254 2811 Fac
268 2773 391 2823 mecum,
407 2752 544 2823 Domine,
560 2753 677 2828 siguum
692 2753 723 2808 in
737 2753 867 2810 bonum:
889 2758 924 2809 ut
937 2752 1059 2811 videant
1072 2754 1125 2830 qui
1144 2774 1194 2813 me
1214 2758 1340 2816 oderunt

134 2848 164 2893 et
184 2835 422 2893 confundantur:
446 2833 586 2909 quoniam
606 2840 650 2904 tu,
666 2833 802 2905 Domine,
823 2832 965 2908 adjuvisti
985 2853 1053 2893 me:
1072 2841 1102 2894 et
1123 2838 1292 2897 consolatus
1310 2859 1337 2897 es

134 2936 187 2974 me.

196 2997 338 3054 Psalmis.

194 3078 319 3147 Inclina,
331 3076 467 3148 Domine,
480 3096 581 3133 aurem
591 3081 684 3147 tuam,
696 3082 726 3132 et
737 3075 844 3132 exaudi
856 3095 916 3133 me:
933 3076 1073 3151 quoniam
1083 3076 1170 3155 inops
1184 3085 1215 3138 et
1229 3101 1339 3159 pauper

133 3180 198 3216 sum
213 3180 273 3236 ego.
1098 3183 1100 3190 ·

194 3241 303 3298 Oratio.

191 3322 314 3397 Jejunia
333 3326 443 3390 nostra,
466 3339 643 3395 quaesumus,
662 3317 798 3387 Domine,
820 3318 948 3395 benigno
968 3318 1069 3376 favore
1088 3339 1267 3398 prosequere
1276 3344 1285 3397 ;
1304 3331 1338 3382 ut

130 3405 207 3460 sicut
220 3405 258 3460 ab
272 3401 421 3461 alimentis
435 3401 617 3464 abstinemus
630 3400 662 3456 in
676 3419 803 3475 corpore,
819 3399 863 3456 ita
876 3419 894 3456 a
907 3399 989 3457 vitiis
999 3401 1168 3476 jejunemus
1182 3403 1216 3460 in
1230 3412 1335 3463 mente

133 3486 191 3542 Per
204 3485 376 3541 Dominum.

192 3583 288 3639 Lectio
303 3582 371 3639 libri
385 3579 512 3636 Numeri
532 3577 594 3652 (aa.
614 3577 707 3651 6-13).

192 3665 231 3720 In
245 3663 348 3724 diebus
361 3662 429 3732 illis,
445 3660 656 3717 Convenerunt
671 3659 726 3714 filii
739 3658 831 3715 Israel
852 3658 1008 3715 adversum
1023 3658 1149 3735 Moysen
1166 3666 1197 3718 et
1210 3661 1338 3722 Aaron:

131 3752 161 3802 et
182 3745 259 3802 versi
279 3745 310 3800 in
331 3743 513 3812 seditionem,
532 3740 673 3796 dixerunt
683 3759 691 3810 3
713 3739 791 3796 Date
810 3739 895 3794 nobis
916 3759 1023 3815 aquam
1044 3746 1080 3797 ut
1099 3741 1244 3800 bibamus
1288 3745 1339 3802 In·

130 3825 279 3901 gressique
306 3825 424 3900 Moyses
451 3828 482 3878 et
508 3822 620 3891 Aaron,
648 3820 767 3876 dimissa
794 3819 987 3877 multitudine
1017 3826 1087 3878 ante
1114 3822 1340 3883 tabernaculum

131 3907 246 3963 laederis
266 3925 356 3978 usqae
377 3905 417 3960 od
438 3903 513 3959 Haec
538 3907 582 3959 est
605 3921 681 3976 aqua
704 3900 953 3972 contradictionis,
975 3901 1029 3959 ubi
1048 3902 1164 3980 jurgati
1188 3911 1261 3962 sunt
1284 3906 1340 3964 filii

131 3986 224 4043 lsrael
237 3991 339 4043 contra
354 3984 524 4056 Dominum,
540 3988 570 4040 et
584 3982 783 4039 sanctificatus
797 3988 841 4038 est
854 3981 886 4038 in
901 3982 950 4039 eis.

193 4065 325 4123 Gradol.

191 4146 229 4203 In
245 4147 309 4202 Deo
330 4145 460 4222 speravit
480 4165 530 4202 cor
546 4164 644 4201 meum
659 4149 688 4200 et
702 4143 821 4221 adjutus
836 4163 920 4200 sum:
944 4149 975 4201 et
988 4143 1122 4202 refloruit
1135 4164 1203 4203 caro
1217 4168 1293 4223 mea,
1309 4155 1340 4207 et

129 4250 166 4286 ex
181 4228 335 4284 voluntate
349 4246 414 4283 mea
428 4227 589 4283 confitebor
601 4225 653 4283 illi.

136 4311 164 4370 V.
191 4308 243 4367 Ad
257 4314 295 4378 te,
312 4308 447 4378 Domine,
463 4306 612 4364 clamabo:
634 4307 717 4363 Deus
730 4325 822 4377 meus,
836 4325 874 4363 ne
888 4306 982 4378 sileas,
997 4325 1035 4364 ne
1049 4305 1180 4364 discedas
1193 4328 1212 4365 a
1226 4329 1285 4371 me.

190 4390 357 4448 Secundum
370 4386 396 4443 J
395 4387 537 4445 elaeonem
558 4386 611 4465 (io.
629 4387 723 4464 4-42)

191 4471 354 4548 Oportebat
366 4470 389 4527 J
390 4489 472 4528 esum
491 4469 618 4526 transire
638 4487 691 4549 per
712 4466 884 4526 Samariam.
925 4467 1021 4529 Venit
1040 4488 1110 4547 ergo
1129 4468 1163 4526 in
1183 4469 1341 4534 civitatem
