2926 4996
805 63 812 99 1

1129 131 1140 177 b

1140 179 1149 215 1

473 387 520 454 In
542 389 632 453 Festo
655 388 785 452 Sancta
810 278 1135 587 §ww
1273 387 1336 446 213

478 645 518 702 Is
539 646 637 702 Fssro
660 645 786 702 Sanora
807 644 993 700 Tanusius.

199 744 338 820 Officium.

197 827 358 883 Benedicta
372 826 412 881 sit
430 824 538 882 Sancta
556 824 686 880 Trinitas
707 829 795 898 atque
816 823 945 879 indivisa
965 821 1097 879 Unitas:
1132 819 1340 877 confitebimur

139 908 182 963 ei:
204 908 274 982 quia
287 907 357 963 fecit
370 907 523 962 nobiscum
536 904 765 962 misericordiam
780 923 870 961 suam.

197 988 341 1044 Prolatos.

198 1069 411 1126 Benedicamus
425 1067 545 1125 Patrem
559 1073 589 1124 et
603 1067 731 1123 Filium:
754 1085 821 1122 cum
836 1065 942 1121 Sancto
958 1064 1078 1140 Spiritu.

200 1149 309 1206 Oratio.

199 1231 393 1305 Omnipotens
415 1229 591 1305 sempiterne
606 1228 696 1298 DeuS,
713 1229 765 1304 qui
779 1227 886 1284 dedisti
906 1227 991 1284 nobis
1011 1226 1131 1283 famulis
1151 1226 1212 1282 tuis
1225 1225 1259 1281 in
1272 1245 1337 1281 con-

138 1312 261 1368 fessione
275 1331 352 1368 verae
366 1311 435 1367 fidei
449 1318 565 1367 aeternae
580 1310 735 1366 Trinitatis
754 1309 877 1384 gloriam
898 1327 1071 1384 agnoscere:
1102 1314 1132 1364 et
1152 1308 1185 1363 in
1205 1307 1337 1382 potentia

137 1392 300 1467 majestatis
317 1392 437 1448 adorare
451 1391 628 1462 Unitatem;
650 1409 825 1464 quaesumus
845 1396 880 1444 ut
901 1389 1030 1464 ejusdem
1050 1388 1120 1445 fidei
1140 1388 1280 1444 firmitate
1300 1388 1338 1442 ab

136 1474 274 1529 omnibus
289 1492 401 1547 semper
414 1473 584 1527 muniamur
597 1471 734 1529 adversis⁴
779 1470 818 1526 In
832 1489 890 1545 qua
903 1470 982 1525 vivis
996 1477 1026 1527 et
1039 1489 1151 1545 regnas.

197 1570 293 1627 Lectio
307 1570 375 1626 libri
389 1569 578 1646 Apocalypsis
587 1558 667 1626 ¹beuti
681 1567 829 1625 Jolroonis
843 1565 974 1642 Apostoli
988 1567 1042 1644 (io.
1061 1567 1154 1645 1-10)

197 1652 237 1708 In
259 1651 362 1708 diebus
386 1651 454 1720 illis,
480 1649 555 1706 Vidi
579 1650 688 1706 ostium
712 1655 847 1725 apertum
864 1649 897 1704 in
915 1649 993 1718 caelo,
1013 1655 1043 1706 et
1059 1668 1120 1704 vox
1137 1649 1233 1724 prima
1249 1667 1337 1723 quam

109 1793 113 1800 ,
135 1733 248 1802 audivi,
271 1738 413 1807 tanquam
437 1733 517 1787 tubae
541 1730 689 1806 loquentis
713 1749 836 1799 mecum,
859 1730 957 1786 dicens
978 1750 1068 1803 usque
1089 1731 1128 1786 od
1149 1729 1338 1805 procidebant

136 1814 248 1888 viginti
258 1819 399 1888 quattuor
413 1813 540 1869 seniores
553 1817 623 1869 ante
637 1811 785 1868 sedentem
800 1811 832 1866 in
846 1811 962 1880 throno,
972 1817 1002 1866 et
1016 1810 1178 1867 adorabant
1188 1810 1338 1866 viventem

135 1895 169 1950 in
184 1895 289 1951 saecula
306 1894 485 1951 saeculorum.

200 1975 334 2032 Gradol.

198 2056 376 2112 Benedictus
390 2075 429 2124 es,
445 2055 582 2124 Domine,
598 2055 650 2129 qui
664 2055 789 2111 intueris
802 2055 930 2128 abyssos,
942 2060 972 2110 et
986 2053 1067 2110 sedes
1081 2073 1168 2128 super
1179 2050 1335 2108 Cherubin.

141 2138 170 2195 V.
198 2137 369 2213 Benedicite
383 2137 480 2192 Deum
495 2136 576 2192 caeli:
597 2136 667 2210 quia
680 2135 750 2191 fecit
763 2135 916 2191 nobiscum
929 2134 1157 2190 misericordiam
1171 2152 1261 2189 suam.

196 2218 344 2292 Alleluya.
395 2217 423 2275 V.
446 2216 624 2273 Benedictus
645 2236 684 2286 es,
706 2216 835 2272 Domine
849 2216 931 2278 Deus
948 2215 1072 2271 Patrum
1093 2221 1280 2271 nostrorum:
1309 2220 1339 2269 et

135 2299 294 2355 laudabilis
308 2299 340 2354 in
355 2297 467 2355 saecula.

198 2396 361 2470 Sequentia.

136 2478 298 2534 Benedicta
311 2479 352 2534 sit
365 2479 452 2533 beata
465 2476 605 2546 Trinitas,
621 2477 726 2534 Deitas
741 2482 850 2532 aeterna
863 2476 981 2551 pariter,
998 2475 1162 2550 co-aequalis
1175 2475 1268 2548 gloria
1282 2495 1288 2530 ε

136 2560 221 2615 Deus
246 2559 378 2628 Genitor,
401 2558 501 2614 Natus
525 2558 651 2633 genitus,
675 2578 742 2614 cum
766 2576 847 2613 sacro
871 2557 1035 2613 Pneumate
1058 2576 1231 2632 permanens
1253 2575 1340 2630 super

259 2659 345 2695 omne
366 2640 444 2714 quod
465 2645 583 2695 exstat:

135 2721 254 2789 Quibus
268 2727 312 2777 est
326 2726 386 2775 una
400 2739 514 2795 semper
527 2720 674 2789 voluntas,
690 2726 720 2775 et
734 2739 751 2774 a
765 2739 795 2775 se
810 2719 977 2794 discrepans
997 2718 1076 2774 haud
1097 2738 1229 2792 unquam
1245 2717 1339 2791 tripli-

259 2807 324 2857 cata
346 2820 476 2876 persona.

136 2883 217 2938 Nam
231 2888 347 2938 constat
361 2883 465 2938 Deitas
479 2882 624 2951 una,'non
641 2883 674 2937 in
691 2888 751 2937 tres
772 2882 851 2938 Deos
872 2881 976 2949 divisa,
998 2881 1077 2955 quod
1097 2880 1169 2936 fides
1190 2880 1301 2936 fatetur
1321 2900 1338 2935 a

258 2963 377 3019 Christo
391 2963 552 3019 orthodoxe
566 2963 652 3021 edita.

135 3043 211 3100 Haec
225 3064 351 3119 namque
368 3044 453 3119 pellit
468 3043 583 3114 delicta,
598 3043 726 3119 patriam
745 3043 822 3100 cedit
842 3063 983 3113 serenam,
999 3063 1057 3118 qua
1076 3043 1191 3099 dulcem
1206 3041 1338 3117 jubilant

257 3126 374 3200 agmina
388 3125 593 3200 symphoniam
607 3125 705 3181 caelica
719 3146 725 3181 ε

134 3206 306 3262 Altithroni
320 3207 445 3281 vestigia
458 3207 616 3262 imitantur
630 3206 713 3262 stolis
728 3206 892 3276 candidata,

135 3287 378 3361 Open'unturque
392 3288 476 3342 binas
491 3307 563 3362 quas
578 3293 699 3362 captant
713 3293 780 3361 post
793 3287 871 3342 saecli
886 3285 1063 3341 discrimina.

134 3367 176 3422 Et
192 3387 253 3437 nos,
270 3387 342 3443 quos
356 3367 486 3423 illustrat
500 3368 595 3443 gratia
610 3368 669 3424 Dei
682 3387 795 3443 supera,
812 3368 914 3424 demus
927 3373 1028 3422 nostra
1042 3366 1141 3421 debita
1153 3386 1161 3436 ;
1231 3376 1236 3394 ¹

131 3448 281 3516 Quatinus
296 3453 413 3505 caterva
427 3449 524 3504 caelica
537 3449 622 3504 nobis
635 3454 754 3504 maneat
768 3455 833 3523 post
847 3447 952 3503 funera
966 3447 1051 3516 socia,

129 3529 307 3604 Ultimaque
321 3535 387 3604 post
400 3536 466 3586 acta
480 3530 649 3585 discrimina
663 3530 791 3605 petimus
805 3530 865 3584 alta
879 3527 990 3603 perfrui
1005 3546 1074 3583 mox
1088 3526 1207 3602 palatia,

129 3610 197 3678 Quo
212 3610 363 3685 perspicua
377 3611 482 3686 flagrat
496 3611 549 3666 lux
563 3630 682 3666 accensa
696 3611 843 3666 constanti
861 3609 987 3678 flamma,
1003 3605 1078 3682 quo'*
1092 3608 1174 3664 Deus
1188 3613 1241 3677 est,
1257 3607 1332 3664 visio

252 3697 354 3747 nostra
368 3698 398 3747 et
412 3692 490 3747 salus
504 3698 614 3748 aeterna
628 3711 633 3746 :

131 3771 317 3846 Angelorum
332 3792 396 3846 quae
410 3772 540 3828 illustrat
553 3772 671 3828 fortiter
684 3777 809 3847 pectora,

132 3853 180 3909 Ut
195 3854 227 3907 in
244 3853 361 3909 Christo
375 3853 437 3909 solo
451 3873 503 3908 sua
518 3853 647 3927 defigant
660 3853 781 3908 lumina.

131 3934 208 3989 Haec
222 3953 348 4009 namque
362 3941 406 3990 est
421 3933 485 3989 sitis
499 3934 551 3989 illa
564 3933 691 4008 flagrans
706 3953 764 4008 qua
778 3939 849 3988 tuno
863 3933 965 3989 sitient
979 3933 1084 3988 anima
1103 3937 1271 3988 sanctorum
1286 3932 1332 3988 vel

255 4034 383 4090 corpora,

130 4095 208 4151 Cum
222 4095 335 4151 fuerint
348 4097 418 4152 data
431 4103 573 4171 perpetua
586 4095 627 4151 eis
642 4115 694 4169 pro
708 4095 793 4151 bonis
807 4115 825 4150 a
834 4094 934 4169 judice
947 4094 1074 4169 praemia.

192 4193 359 4250 Sacrouirum
380 4194 544 4253 Jolronucm
565 4192 626 4269 (iii.
646 4193 731 4269 1-15)

192 4274 231 4329 In
245 4275 297 4329 illo
311 4281 449 4350 tempore,
466 4276 539 4330 Erat
553 4275 640 4329 homo
659 4294 697 4330 ex
717 4273 880 4344 PhariscciS,
901 4273 932 4331 N
934 4273 1081 4329 icodemus
1102 4273 1222 4330 nomine
1244 4294 1333 4348 amorre

128 4357 170 4411 od
184 4362 219 4410 ut
234 4356 330 4412 omnis
344 4356 396 4431 qui
410 4356 502 4413 credit
516 4356 546 4411 in
562 4355 659 4430 ipsum
673 4375 733 4411 non
747 4362 855 4430 pereat,
870 4355 921 4411 sed
941 4354 1047 4410 habeat
1068 4355 1162 4411 uitam
1182 4360 1331 4412 aeternam.

191 4436 294 4493 Credo·

525 4541 536 4566 *
554 4539 593 4582 Sic
604 4538 675 4583 MSS.
688 4540 789 4605 1111111111
804 4539 871 4583 l-ol
881 4554 940 4598 quie.
