2926 4996
193 367 255 431 156
537 361 640 428 Faria
660 361 703 428 io.
722 367 798 448 post
819 361 1037 427 Pentecosten.

251 530 491 589 Postcommaaio.

252 612 370 669 Mentes
383 617 505 682 nostras,
521 629 695 686 quaesumus,
712 608 848 680 Domine,
865 607 993 686 Spiritus
1013 607 1139 666 Sanctus
1153 608 1265 667 divinis
1279 614 1392 686 reparet

190 693 389 764 sacramentis,
405 693 474 767 quia
487 692 549 766 ipse
563 696 608 748 est
621 691 753 748 remissio
764 689 896 746 omnium
909 695 1102 766 peccatorum.
1145 689 1205 748 Per
1218 689 1390 749 Dominum.

193 773 232 830 In
245 773 362 831 unitate
376 773 513 849 ejusdem.
880 778 885 788 “

664 879 764 938 Fanni
791 880 928 950 Quaere.

256 962 395 1038 Officium.

251 1042 342 1116 Deus,
357 1045 429 1100 dum
449 1043 624 1119 egredereris
644 1062 742 1099 coram
762 1042 870 1118 populo
886 1048 948 1115 tuo,
963 1041 1108 1118 alleluya:
1128 1041 1188 1099 iter
1208 1042 1321 1100 faciens
1344 1041 1392 1117 eis,

193 1123 341 1200 alleluya:
364 1124 501 1180 habitans
511 1125 543 1180 in
556 1123 624 1196 illis,
640 1123 774 1198 alleluya,
790 1123 923 1199 alleluya

252 1205 301 1262 Ps.
345 1205 494 1280 Exsurgat
518 1205 607 1273 Deus,
628 1210 659 1260 et
683 1203 862 1280 dissipentur
883 1203 999 1262 inimici
1021 1204 1108 1281 ejus:
1142 1210 1173 1262 et
1199 1203 1321 1280 fugiant
1344 1203 1392 1280 qui

194 1285 321 1343 oderunt
335 1305 402 1342 eum
416 1304 434 1341 a
446 1285 520 1341 facie
534 1286 603 1359 ejus

253 1366 354 1423 Gloria
366 1366 399 1422 in
412 1365 533 1423 excelsis
547 1366 619 1423 Deo.

252 1447 406 1504 Praemisso
421 1455 536 1503 tentum
550 1447 684 1518 OremuS,
708 1443 815 1502 Oratio.

252 1527 370 1584 Mentes
393 1535 517 1598 nostras,
544 1546 719 1603 quaesumus,
744 1526 881 1599 Domine,
904 1526 1068 1584 Paraclitus
1092 1527 1144 1602 qui
1168 1546 1186 1584 a
1209 1532 1241 1584 te
1263 1526 1392 1604 procedit

192 1607 349 1679 illuminet,
371 1615 402 1664 et
423 1608 543 1665 inducat
564 1608 597 1664 in
615 1626 741 1678 omnem,
762 1607 838 1664 sicut
858 1612 927 1664 tuus
949 1607 1083 1683 promisit
1102 1607 1207 1680 Filius,
1227 1609 1389 1665 veritatem.

194 1686 254 1757 Qui
268 1695 364 1745 tecum
379 1688 456 1744 vivit
469 1695 500 1744 et
513 1694 624 1764 regnat.
667 1689 706 1744 In
720 1688 837 1745 unitate
851 1687 988 1763 ejusdem.

254 1768 350 1826 Lectio
364 1769 433 1826 lita
445 1768 601 1844 Sapientior
614 1769 653 1843 (i.
672 1768 721 1827 1-7
722 1769 747 1846 )

253 1849 292 1905 In
306 1849 407 1907 diebus
430 1850 496 1921 illis,
514 1850 603 1906 Dixit
624 1849 763 1929 Solomon
783 1849 852 1905 filiis
868 1849 969 1920 Israel,
991 1849 1117 1927 Diligite
1132 1849 1287 1926 justitiam
1307 1868 1390 1925 usque

193 1930 234 1987 ad
246 1930 398 1986 scientiam
412 1930 501 1986 habet
514 1930 600 1986 vocis.

252 2011 400 2086 Alleluya.
444 2011 564 2069 Emitte.

252 2092 323 2148 Noa
335 2101 482 2167 repetatur
496 2092 645 2167 Alleluya,
661 2091 709 2148 sed
722 2100 861 2166 sequetur

253 2173 400 2229 Dominus
415 2173 572 2230 vobiscum.
616 2173 748 2230 Oremua

254 2254 362 2311 Oratio.
968 2310 974 2321 ,

252 2334 385 2391 Concede
410 2353 585 2410 quaesumus,
607 2334 791 2408 omnipotens
819 2334 908 2406 Deus,
931 2338 967 2390 ut
993 2332 1046 2409 qui
1070 2332 1301 2392 sollemnitatem
1325 2333 1390 2391 doni

192 2413 293 2472 Sancti
305 2415 432 2490 Spiritus
447 2415 577 2487 colimus,
589 2415 751 2472 caelestibus
762 2415 912 2472 desideriis
921 2415 1035 2472 accensi
1047 2415 1160 2472 fontem
1171 2415 1242 2472 vitae
1253 2416 1390 2484 sitiamus,

193 2496 357 2552 Dominum
376 2504 512 2553 nostrum
531 2496 635 2553 Jesurn
656 2495 809 2552 Christum
830 2496 941 2552 Filium
961 2501 1056 2552 tuum.
1100 2496 1160 2564 Qui
1187 2502 1288 2553 tecum
1309 2495 1389 2552 vivit

194 2576 233 2632 In
246 2576 362 2633 unitate
376 2577 512 2653 ejusdem.

252 2656 347 2714 Lectio
361 2655 491 2714 Aetatem
504 2656 707 2730 Apostolorum
719 2655 768 2733 (ii.
787 2655 900 2734 1421).

253 2737 293 2792 Iu
313 2737 416 2794 diebus
436 2738 513 2808 illus,
529 2737 617 2794 Stans
638 2737 745 2794 Petrus
759 2757 825 2794 cum
846 2736 983 2794 undecim
997 2736 1127 2793 elevavit
1139 2756 1241 2794 vocem
1255 2757 1348 2810 suam,
1363 2743 1392 2795 et

191 2817 308 2873 locutus
333 2823 377 2874 est
402 2818 460 2889 eis3
489 2817 559 2873 Viri
582 2817 683 2875 ludaei
703 2837 793 2893 aeque
817 2819 857 2875 ad
881 2818 1049 2894 quicunque
1076 2817 1260 2875 invocaverit
1288 2837 1392 2876 nomen

194 2897 317 2954 Domini
330 2898 428 2954 salvus
440 2899 504 2955 erit.

252 2978 401 3054 Alleluya
451 2979 479 3037 V.
502 2979 610 3035 Factus
631 2985 675 3036 est
694 2986 814 3057 repente
828 2979 864 3036 de
878 2979 948 3037 ceelc
964 2998 1052 3036 sonus
1072 2978 1258 3038 advenientis
1274 2979 1393 3058 spiritus

192 3059 382 3116 vehementis,
907 3057 909 3061 ’

253 3139 415 3215 Sequentia.

193 3221 324 3278 Resonet
337 3225 450 3278 sacrata
467 3220 531 3297 jam
543 3227 643 3278 turma
656 3221 725 3279 diva
738 3220 912 3298 symphonia

193 3301 320 3378 Repleta
333 3302 440 3377 gaudia
453 3302 595 3377 promissa
608 3323 624 3359 c
638 3302 708 3360 caelo
722 3303 845 3360 reddita

193 3381 233 3440 In
247 3402 339 3439 unum
351 3381 560 3458 congregatur*
573 3384 771 3458 apostolorum
785 3384 917 3459 phalanx
930 3381 1070 3459 praeclara
1080 3388 1253 3458 exspectans
1263 3403 1394 3443 munera.

193 3463 328 3539 Repente
345 3483 401 3520 vox
415 3464 516 3520 divina
530 3463 710 3521 Paraclitum
723 3465 845 3521 nuntiat
860 3465 998 3521 decorans
1012 3470 1182 3520 sanctorum
1195 3464 1318 3526 viscera.

194 3544 310 3601 Fantur
323 3544 405 3601 omni
417 3543 519 3620 lingua
532 3545 676 3601 nonnulla
689 3545 829 3620 mysteria
842 3543 959 3620 Deique
972 3543 1128 3621 magnalia.

195 3624 317 3682 Cantica
331 3625 432 3682 divina
445 3644 506 3681 non
520 3632 612 3682 cessat
625 3626 745 3682 reboare
759 3626 822 3701 ejus
835 3644 952 3702 quoque
966 3630 1091 3682 caterva

195 3705 220 3762 0
236 3706 317 3762 Deus
331 3707 425 3763 omnis
435 3707 507 3778 arvi,
519 3713 550 3763 te
564 3707 685 3763 laudant
696 3706 740 3764 sol
753 3715 784 3764 et
798 3706 883 3779 luna3
899 3713 1054 3783 concrepat
1067 3706 1132 3763 usia
1141 3711 1250 3764 cuncta
1259 3706 1397 3767 coelicaet

275 3787 421 3862 profunda
433 3787 563 3843 flumina

195 3865 236 3923 Te
249 3867 356 3942 psallat
368 3869 457 3925 tellus
467 3868 556 3925 alma:
571 3868 665 3925 sidem
675 3873 781 3927 cuncta
791 3867 869 3927 clara
873 3887 883 3942 3
896 3866 1015 3944 jubilat,
1025 3867 1138 3940 adorat,
1149 3872 1231 3926 amat
1244 3867 1396 3946 redempta

276 3949 370 4005 omnis
383 3968 500 4025 quoquc
513 3949 618 4006 anima

195 4027 324 4103 Stupens
345 4029 451 4087 Judaea
474 4030 536 4086 haec
561 4029 668 4106 inquit,
691 4029 902 4094 Exsecrandai
922 4029 1022 4088 concio
1045 4028 1116 4086 vino
1137 4029 1196 4086 ista
1219 4036 1265 4088 cst
1285 4028 1397 4110 repleta

275 4111 424 4185 mustique
438 4111 565 4186 crapula,
581 4110 689 4168 baccho
702 4111 804 4187 plenos
817 4116 936 4188 reputat
949 4110 1076 4187 repletos
1090 4111 1193 4187 gratia

196 4187 320 4246 Sumene
339 4190 401 4247 haec
421 4191 529 4248 Petrus
543 4191 644 4248 divina
659 4190 799 4267 mysteria
812 4196 931 4268 superat
951 4191 1097 4249 obdurata
1112 4191 1201 4249 corda
1213 4190 1275 4266 illa,
1291 4199 1323 4253 et
1335 4192 1394 4252 foro

276 4270 402 4329 affirmat
417 4272 556 4329 vaticinia
569 4272 590 4330 J
592 4273 663 4330 oelis
676 4273 712 4330 de
726 4272 780 4330 hoc
793 4272 940 4349 praedicta

586 4427 600 4453 ¹
615 4426 675 4472 Ede„
687 4427 734 4473 and
744 4426 1002 4484 Mas-congregata

401 4505 414 4564 †
425 4502 623 4563 Edd.-Stupens
631 4505 647 4550 J
648 4505 716 4550 udaea
725 4505 776 4550 haec
786 4504 864 4563 inquit
874 4502 1026 4562 exsecrando,
1039 4501 1137 4562 Concia
1147 4503 1188 4552 &a
