<?xml version="1.0" encoding="UTF-8"?>
<!DOCTYPE html PUBLIC "-//W3C//DTD XHTML 1.0 Transitional//EN"
    "http://www.w3.org/TR/xhtml1/DTD/xhtml1-transitional.dtd">
<html xmlns="http://www.w3.org/1999/xhtml" xml:lang="en" lang="en">
 <head>
  <title>
</title>
<meta http-equiv="Content-Type" content="text/html;charset=utf-8" />
  <meta name='ocr-system' content='tesseract 3.04.00' />
  <meta name='ocr-capabilities' content='ocr_page ocr_carea ocr_par ocr_line ocrx_word'/>
</head>
<body>
  <div class='ocr_page' id='page_1' title='image "./missaleadusumin00churgoog_0080.png"; bbox 0 0 2926 4996; ppageno 0'>
   <div class='ocr_carea' id='block_1_1' title="bbox 390 355 1075 442">
    <p class='ocr_par' dir='ltr' id='par_1_1' title="bbox 390 355 1075 442">
     <span class='ocr_line' id='line_1_1' title="bbox 390 355 1075 442; baseline 0 -20"><span class='ocrx_word' id='word_1_1' title='bbox 390 356 575 422; x_wconf 67' lang='lat' dir='ltr'>Dominicis</span> <span class='ocrx_word' id='word_1_2' title='bbox 592 355 693 442; x_wconf 81' lang='lat' dir='ltr'>a&#39;afro</span> <span class='ocrx_word' id='word_1_3' title='bbox 713 357 848 422; x_wconf 82' lang='lat' dir='ltr'>Octavus</span> <span class='ocrx_word' id='word_1_4' title='bbox 866 357 1075 423; x_wconf 77' lang='lat' dir='ltr'>Natiuitatis.</span> 
     </span>
    </p>
   </div>
   <div class='ocr_carea' id='block_1_2' title="bbox 128 523 1382 2142">
    <p class='ocr_par' dir='ltr' id='par_1_2' title="bbox 192 523 887 600">
     <span class='ocr_line' id='line_1_2' title="bbox 192 523 887 600; baseline -0.003 -17"><span class='ocrx_word' id='word_1_5' title='bbox 192 523 386 600; x_wconf 71' lang='lat' dir='ltr'>Offertoraum.</span> <span class='ocrx_word' id='word_1_6' title='bbox 431 524 533 582; x_wconf 80' lang='lat' dir='ltr'>Gloria</span> <span class='ocrx_word' id='word_1_7' title='bbox 546 530 576 581; x_wconf 91' lang='lat' dir='ltr'>et</span> <span class='ocrx_word' id='word_1_8' title='bbox 589 523 700 582; x_wconf 88' lang='lat' dir='ltr'>honore</span> <span class='ocrx_word' id='word_1_9' title='bbox 714 523 887 583; x_wconf 57' lang='lat' dir='ltr'>coronastis*</span> 
     </span>
    </p>

    <p class='ocr_par' dir='ltr' id='par_1_3' title="bbox 191 606 313 665">
     <span class='ocr_line' id='line_1_3' title="bbox 191 606 313 665; baseline 0 -2"><span class='ocrx_word' id='word_1_10' title='bbox 191 606 313 665; x_wconf 79' lang='lat' dir='ltr'>Secreta.</span> 
     </span>
    </p>

    <p class='ocr_par' dir='ltr' id='par_1_4' title="bbox 128 684 1341 1250">
     <span class='ocr_line' id='line_1_4' title="bbox 192 684 1338 766; baseline 0.002 -22"><span class='ocrx_word' id='word_1_11' title='bbox 192 686 269 746; x_wconf 77' lang='lat' dir='ltr'>Edd</span> <span class='ocrx_word' id='word_1_12' title='bbox 289 686 348 744; x_wconf 89' lang='lat' dir='ltr'>and</span> <span class='ocrx_word' id='word_1_13' title='bbox 376 685 441 745; x_wconf 92' lang='lat' dir='ltr'>MS.</span> <span class='ocrx_word' id='word_1_14' title='bbox 462 685 718 744; x_wconf 78' lang='lat' dir='ltr'>O.-Muneribus</span> <span class='ocrx_word' id='word_1_15' title='bbox 821 684 899 766; x_wconf 89' lang='lat' dir='ltr'><strong>[MS.</strong></span> <span class='ocrx_word' id='word_1_16' title='bbox 916 687 1142 745; x_wconf 88' lang='lat' dir='ltr'>D.—Salutaris</span> <span class='ocrx_word' id='word_1_17' title='bbox 1158 688 1262 746; x_wconf 83' lang='lat' dir='ltr'>hostiae</span> <span class='ocrx_word' id='word_1_18' title='bbox 1277 709 1338 746; x_wconf 82' lang='lat' dir='ltr'>mu·</span> 
     </span>
     <span class='ocr_line' id='line_1_5' title="bbox 128 766 1336 844; baseline 0.001 -18"><span class='ocrx_word' id='word_1_19' title='bbox 128 768 250 840; x_wconf 85' lang='lat' dir='ltr'>nostris,</span> <span class='ocrx_word' id='word_1_20' title='bbox 273 786 448 844; x_wconf 87' lang='lat' dir='ltr'>quaesumus,</span> <span class='ocrx_word' id='word_1_21' title='bbox 472 766 608 839; x_wconf 85' lang='lat' dir='ltr'>Domine,</span> <span class='ocrx_word' id='word_1_22' title='bbox 629 768 720 842; x_wconf 86' lang='lat' dir='ltr'>preci·</span> <span class='ocrx_word' id='word_1_23' title='bbox 759 786 816 824; x_wconf 91' lang='lat' dir='ltr'>nus</span> <span class='ocrx_word' id='word_1_24' title='bbox 825 768 1190 844; x_wconf 87' lang='lat' dir='ltr'>sacrandum,quaesumus,</span> <span class='ocrx_word' id='word_1_25' title='bbox 1198 770 1336 841; x_wconf 89' lang='lat' dir='ltr'>Domine,</span> 
     </span>
     <span class='ocr_line' id='line_1_6' title="bbox 129 847 1339 926; baseline -0.001 -19"><span class='ocrx_word' id='word_1_26' title='bbox 129 850 246 925; x_wconf 88' lang='lat' dir='ltr'>busque</span> <span class='ocrx_word' id='word_1_27' title='bbox 267 848 416 924; x_wconf 82' lang='lat' dir='ltr'>susceptis,</span> <span class='ocrx_word' id='word_1_28' title='bbox 437 852 467 905; x_wconf 86' lang='lat' dir='ltr'>et</span> <span class='ocrx_word' id='word_1_29' title='bbox 486 847 649 904; x_wconf 83' lang='lat' dir='ltr'>caelestibus</span> <span class='ocrx_word' id='word_1_30' title='bbox 667 868 721 905; x_wconf 93' lang='lat' dir='ltr'>nos</span> <span class='ocrx_word' id='word_1_31' title='bbox 761 848 864 905; x_wconf 88' lang='lat' dir='ltr'>beatus</span> <span class='ocrx_word' id='word_1_32' title='bbox 879 849 1005 906; x_wconf 80' lang='lat' dir='ltr'>Thomas</span> <span class='ocrx_word' id='word_1_33' title='bbox 1024 851 1158 925; x_wconf 80' lang='lat' dir='ltr'><strong>pontifex</strong></span> <span class='ocrx_word' id='word_1_34' title='bbox 1176 857 1207 908; x_wconf 88' lang='lat' dir='ltr'>et</span> <span class='ocrx_word' id='word_1_35' title='bbox 1224 857 1339 926; x_wconf 86' lang='lat' dir='ltr'>martyr</span> 
     </span>
     <span class='ocr_line' id='line_1_7' title="bbox 134 928 1339 1008; baseline 0.001 -21"><span class='ocrx_word' id='word_1_36' title='bbox 134 929 249 988; x_wconf 88' lang='lat' dir='ltr'>munda</span> <span class='ocrx_word' id='word_1_37' title='bbox 272 929 438 1005; x_wconf 87' lang='lat' dir='ltr'>mysteriis;</span> <span class='ocrx_word' id='word_1_38' title='bbox 467 934 498 986; x_wconf 87' lang='lat' dir='ltr'>et</span> <span class='ocrx_word' id='word_1_39' title='bbox 520 928 721 986; x_wconf 65' lang='lat' dir='ltr'>intercedente</span> <span class='ocrx_word' id='word_1_40' title='bbox 761 929 846 986; x_wconf 92' lang='lat' dir='ltr'>nobis</span> <span class='ocrx_word' id='word_1_41' title='bbox 868 929 1048 988; x_wconf 88' lang='lat' dir='ltr'>adsalutem</span> <span class='ocrx_word' id='word_1_42' title='bbox 1066 931 1339 1008; x_wconf 89' lang='lat' dir='ltr'>foredeposcat,ut</span> 
     </span>
     <span class='ocr_line' id='line_1_8' title="bbox 131 1009 1339 1089; baseline -0.002 -20"><span class='ocrx_word' id='word_1_43' title='bbox 131 1011 221 1069; x_wconf 86' lang='lat' dir='ltr'>beato</span> <span class='ocrx_word' id='word_1_44' title='bbox 249 1009 364 1068; x_wconf 82' lang='lat' dir='ltr'>Thoma</span> <span class='ocrx_word' id='word_1_45' title='bbox 394 1015 525 1084; x_wconf 76' lang='lat' dir='ltr'>martyre</span> <span class='ocrx_word' id='word_1_46' title='bbox 553 1015 605 1066; x_wconf 90' lang='lat' dir='ltr'>tuo</span> <span class='ocrx_word' id='word_1_47' title='bbox 632 1016 722 1086; x_wconf 88' lang='lat' dir='ltr'>atque</span> <span class='ocrx_word' id='word_1_48' title='bbox 763 1015 792 1067; x_wconf 87' lang='lat' dir='ltr'>et</span> <span class='ocrx_word' id='word_1_49' title='bbox 817 1011 1046 1067; x_wconf 87' lang='lat' dir='ltr'>conversationis</span> <span class='ocrx_word' id='word_1_50' title='bbox 1068 1013 1131 1088; x_wconf 86' lang='lat' dir='ltr'>ejus</span> <span class='ocrx_word' id='word_1_51' title='bbox 1152 1013 1339 1089; x_wconf 82' lang='lat' dir='ltr'>experiamur</span> 
     </span>
     <span class='ocr_line' id='line_1_9' title="bbox 131 1090 1340 1170; baseline 0 -22"><span class='ocrx_word' id='word_1_52' title='bbox 131 1091 274 1169; x_wconf 90' lang='lat' dir='ltr'>pontifice</span> <span class='ocrx_word' id='word_1_53' title='bbox 304 1091 465 1149; x_wconf 87' lang='lat' dir='ltr'>clementer</span> <span class='ocrx_word' id='word_1_54' title='bbox 499 1090 625 1148; x_wconf 84' lang='lat' dir='ltr'>exaudi:</span> <span class='ocrx_word' id='word_1_55' title='bbox 661 1090 727 1167; x_wconf 54' lang='lat' dir='ltr'>Per¹</span> <span class='ocrx_word' id='word_1_56' title='bbox 760 1091 898 1167; x_wconf 87' lang='lat' dir='ltr'>insignia,</span> <span class='ocrx_word' id='word_1_57' title='bbox 934 1098 965 1149; x_wconf 91' lang='lat' dir='ltr'>et</span> <span class='ocrx_word' id='word_1_58' title='bbox 998 1093 1214 1150; x_wconf 81' lang='lat' dir='ltr'>intercessionis</span> <span class='ocrx_word' id='word_1_59' title='bbox 1247 1093 1340 1170; x_wconf 88' lang='lat' dir='ltr'>ipsius</span> 
     </span>
     <span class='ocr_line' id='line_1_10' title="bbox 135 1172 1341 1250; baseline 0 -20"><span class='ocrx_word' id='word_1_60' title='bbox 135 1172 309 1230; x_wconf 89' lang='lat' dir='ltr'>Dominum.</span> <span class='ocrx_word' id='word_1_61' title='bbox 762 1172 957 1248; x_wconf 86' lang='lat' dir='ltr'>percipiamus</span> <span class='ocrx_word' id='word_1_62' title='bbox 986 1173 1131 1250; x_wconf 87' lang='lat' dir='ltr'>suffragia.</span> <span class='ocrx_word' id='word_1_63' title='bbox 1195 1174 1253 1231; x_wconf 83' lang='lat' dir='ltr'>Per</span> <span class='ocrx_word' id='word_1_64' title='bbox 1281 1173 1341 1230; x_wconf 92' lang='lat' dir='ltr'>Do-</span> 
     </span>
    </p>

    <p class='ocr_par' dir='ltr' id='par_1_5' title="bbox 762 1273 883 1309">
     <span class='ocr_line' id='line_1_11' title="bbox 762 1273 883 1309; baseline 0.008 -1"><span class='ocrx_word' id='word_1_65' title='bbox 762 1273 883 1309; x_wconf 84' lang='lat' dir='ltr'>minum.</span> 
     </span>
    </p>

    <p class='ocr_par' dir='ltr' id='par_1_6' title="bbox 195 1251 1017 1410">
     <span class='ocr_line' id='line_1_12' title="bbox 195 1251 1017 1410; baseline 0 -18"><span class='ocrx_word' id='word_1_66' title='bbox 195 1332 348 1408; x_wconf 70' lang='lat' dir='ltr'>Praefatio.</span> <span class='ocrx_word' id='word_1_67' title='bbox 393 1333 472 1403; x_wconf 78' lang='lat' dir='ltr'>Quia</span> <span class='ocrx_word' id='word_1_68' title='bbox 486 1352 540 1410; x_wconf 90' lang='lat' dir='ltr'>per</span> <span class='ocrx_word' id='word_1_69' title='bbox 553 1333 708 1393; x_wconf 88' lang='lat' dir='ltr'>incarnati.</span> <span class='ocrx_word' id='word_1_70' title='bbox 752 1251 1017 1392; x_wconf 78' lang='lat' dir='ltr'>Commuriicantes.</span> 
     </span>
    </p>

    <p class='ocr_par' dir='ltr' id='par_1_7' title="bbox 197 1413 707 1492">
     <span class='ocr_line' id='line_1_13' title="bbox 197 1413 707 1492; baseline -0.004 -19"><span class='ocrx_word' id='word_1_71' title='bbox 197 1413 377 1473; x_wconf 77' lang='lat' dir='ltr'>Communia.</span> <span class='ocrx_word' id='word_1_72' title='bbox 421 1413 534 1490; x_wconf 84' lang='lat' dir='ltr'>Magna</span> <span class='ocrx_word' id='word_1_73' title='bbox 547 1420 592 1471; x_wconf 88' lang='lat' dir='ltr'>est</span> <span class='ocrx_word' id='word_1_74' title='bbox 605 1414 707 1492; x_wconf 85' lang='lat' dir='ltr'>gloria.</span> 
     </span>
    </p>

    <p class='ocr_par' dir='ltr' id='par_1_8' title="bbox 197 1495 439 1554">
     <span class='ocr_line' id='line_1_14' title="bbox 197 1495 439 1554; baseline 0.004 -3"><span class='ocrx_word' id='word_1_75' title='bbox 197 1495 439 1554; x_wconf 78' lang='lat' dir='ltr'>Poatcommuaio.</span> 
     </span>
    </p>

    <p class='ocr_par' dir='ltr' id='par_1_9' title="bbox 135 1573 1382 2142">
     <span class='ocr_line' id='line_1_15' title="bbox 197 1573 1382 1656; baseline 0.001 -24"><span class='ocrx_word' id='word_1_76' title='bbox 197 1575 272 1635; x_wconf 87' lang='lat' dir='ltr'>Edd.</span> <span class='ocrx_word' id='word_1_77' title='bbox 296 1576 354 1633; x_wconf 91' lang='lat' dir='ltr'>and</span> <span class='ocrx_word' id='word_1_78' title='bbox 385 1576 451 1635; x_wconf 91' lang='lat' dir='ltr'>MS.</span> <span class='ocrx_word' id='word_1_79' title='bbox 474 1573 605 1633; x_wconf 82' lang='lat' dir='ltr'>O.-Da</span> <span class='ocrx_word' id='word_1_80' title='bbox 631 1576 724 1647; x_wconf 88' lang='lat' dir='ltr'>nobis,</span> <span class='ocrx_word' id='word_1_81' title='bbox 829 1574 907 1656; x_wconf 92' lang='lat' dir='ltr'><strong>[MS.</strong></span> <span class='ocrx_word' id='word_1_82' title='bbox 920 1577 1156 1653; x_wconf 83' lang='lat' dir='ltr'>D.-†Adjuvet</span> <span class='ocrx_word' id='word_1_83' title='bbox 1175 1597 1237 1646; x_wconf 92' lang='lat' dir='ltr'>nos,</span> <span class='ocrx_word' id='word_1_84' title='bbox 1251 1578 1343 1634; x_wconf 90' lang='lat' dir='ltr'>omni·</span> <span class='ocrx_word' id='word_1_85' title='bbox 1373 1601 1382 1620; x_wconf 80' lang='lat'><strong>·</strong></span> 
     </span>
     <span class='ocr_line' id='line_1_16' title="bbox 136 1656 1342 1734; baseline 0.001 -21"><span class='ocrx_word' id='word_1_86' title='bbox 136 1676 314 1732; x_wconf 85' lang='lat' dir='ltr'>quaesumus,</span> <span class='ocrx_word' id='word_1_87' title='bbox 350 1656 479 1714; x_wconf 89' lang='lat' dir='ltr'>Domine</span> <span class='ocrx_word' id='word_1_88' title='bbox 507 1656 589 1714; x_wconf 88' lang='lat' dir='ltr'>Deus</span> <span class='ocrx_word' id='word_1_89' title='bbox 616 1663 724 1727; x_wconf 87' lang='lat' dir='ltr'>noster,</span> <span class='ocrx_word' id='word_1_90' title='bbox 764 1664 869 1733; x_wconf 90' lang='lat' dir='ltr'>potens</span> <span class='ocrx_word' id='word_1_91' title='bbox 883 1664 914 1715; x_wconf 87' lang='lat' dir='ltr'>et</span> <span class='ocrx_word' id='word_1_92' title='bbox 928 1658 1089 1716; x_wconf 87' lang='lat' dir='ltr'>misericors</span> <span class='ocrx_word' id='word_1_93' title='bbox 1107 1657 1197 1730; x_wconf 90' lang='lat' dir='ltr'>Deus,</span> <span class='ocrx_word' id='word_1_94' title='bbox 1213 1678 1265 1734; x_wconf 89' lang='lat' dir='ltr'>per</span> <span class='ocrx_word' id='word_1_95' title='bbox 1280 1658 1342 1716; x_wconf 86' lang='lat' dir='ltr'>haeo</span> 
     </span>
     <span class='ocr_line' id='line_1_17' title="bbox 135 1738 1344 1816; baseline 0 -22"><span class='ocrx_word' id='word_1_96' title='bbox 135 1744 172 1794; x_wconf 88' lang='lat' dir='ltr'>ut</span> <span class='ocrx_word' id='word_1_97' title='bbox 188 1738 266 1795; x_wconf 89' lang='lat' dir='ltr'>sicut</span> <span class='ocrx_word' id='word_1_98' title='bbox 284 1738 364 1796; x_wconf 84' lang='lat' dir='ltr'>beati</span> <span class='ocrx_word' id='word_1_99' title='bbox 382 1738 502 1795; x_wconf 88' lang='lat' dir='ltr'>Thomae</span> <span class='ocrx_word' id='word_1_100' title='bbox 522 1738 661 1814; x_wconf 89' lang='lat' dir='ltr'>martyris</span> <span class='ocrx_word' id='word_1_101' title='bbox 678 1739 726 1795; x_wconf 89' lang='lat' dir='ltr'>tui</span> <span class='ocrx_word' id='word_1_102' title='bbox 766 1745 867 1795; x_wconf 88' lang='lat' dir='ltr'>sancta</span> <span class='ocrx_word' id='word_1_103' title='bbox 885 1759 950 1814; x_wconf 86' lang='lat' dir='ltr'>quae</span> <span class='ocrx_word' id='word_1_104' title='bbox 970 1740 1148 1816; x_wconf 89' lang='lat' dir='ltr'>sumpsimus</span> <span class='ocrx_word' id='word_1_105' title='bbox 1168 1739 1249 1796; x_wconf 88' lang='lat' dir='ltr'>beati</span> <span class='ocrx_word' id='word_1_106' title='bbox 1268 1759 1344 1795; x_wconf 87' lang='lat' dir='ltr'>mar-</span> 
     </span>
     <span class='ocr_line' id='line_1_18' title="bbox 135 1819 1342 1896; baseline 0 -21"><span class='ocrx_word' id='word_1_107' title='bbox 135 1824 228 1894; x_wconf 89' lang='lat' dir='ltr'>atque</span> <span class='ocrx_word' id='word_1_108' title='bbox 264 1819 413 1894; x_wconf 88' lang='lat' dir='ltr'>pontificis</span> <span class='ocrx_word' id='word_1_109' title='bbox 449 1820 725 1877; x_wconf 81' lang='lat' dir='ltr'>commemoratione</span> <span class='ocrx_word' id='word_1_110' title='bbox 766 1821 840 1895; x_wconf 78' lang='lat' dir='ltr'>tyris</span> <span class='ocrx_word' id='word_1_111' title='bbox 862 1821 909 1877; x_wconf 88' lang='lat' dir='ltr'>tui</span> <span class='ocrx_word' id='word_1_112' title='bbox 929 1825 1019 1896; x_wconf 90' lang='lat' dir='ltr'>atque</span> <span class='ocrx_word' id='word_1_113' title='bbox 1046 1821 1194 1896; x_wconf 87' lang='lat' dir='ltr'>pontificis</span> <span class='ocrx_word' id='word_1_114' title='bbox 1222 1820 1342 1876; x_wconf 68' lang='lat' dir='ltr'>Thomas</span> 
     </span>
     <span class='ocr_line' id='line_1_19' title="bbox 135 1899 1343 1977; baseline 0 -21"><span class='ocrx_word' id='word_1_115' title='bbox 135 1899 294 1975; x_wconf 85' lang='lat' dir='ltr'>temporali</span> <span class='ocrx_word' id='word_1_116' title='bbox 327 1900 513 1976; x_wconf 87' lang='lat' dir='ltr'>gratulamur</span> <span class='ocrx_word' id='word_1_117' title='bbox 546 1900 648 1972; x_wconf 90' lang='lat' dir='ltr'>officio,</span> <span class='ocrx_word' id='word_1_118' title='bbox 685 1900 728 1956; x_wconf 90' lang='lat' dir='ltr'>ita</span> <span class='ocrx_word' id='word_1_119' title='bbox 769 1901 939 1957; x_wconf 86' lang='lat' dir='ltr'>intercessio</span> <span class='ocrx_word' id='word_1_120' title='bbox 956 1902 1132 1973; x_wconf 85' lang='lat' dir='ltr'>veneranda,</span> <span class='ocrx_word' id='word_1_121' title='bbox 1148 1902 1200 1976; x_wconf 90' lang='lat' dir='ltr'>qui</span> <span class='ocrx_word' id='word_1_122' title='bbox 1221 1921 1275 1977; x_wconf 92' lang='lat' dir='ltr'>pro</span> <span class='ocrx_word' id='word_1_123' title='bbox 1297 1901 1343 1957; x_wconf 89' lang='lat' dir='ltr'>tui</span> 
     </span>
     <span class='ocr_line' id='line_1_20' title="bbox 136 1980 1343 2058; baseline -0.001 -21"><span class='ocrx_word' id='word_1_124' title='bbox 136 1986 281 2056; x_wconf 89' lang='lat' dir='ltr'>perpetuo</span> <span class='ocrx_word' id='word_1_125' title='bbox 315 1980 450 2038; x_wconf 84' lang='lat' dir='ltr'>laetemur</span> <span class='ocrx_word' id='word_1_126' title='bbox 483 1987 610 2057; x_wconf 82' lang='lat' dir='ltr'>aspectu.</span> <span class='ocrx_word' id='word_1_127' title='bbox 667 1981 726 2038; x_wconf 90' lang='lat' dir='ltr'>Per</span> <span class='ocrx_word' id='word_1_128' title='bbox 766 1981 894 2038; x_wconf 89' lang='lat' dir='ltr'>nominis</span> <span class='ocrx_word' id='word_1_129' title='bbox 927 1982 1039 2038; x_wconf 90' lang='lat' dir='ltr'>honore</span> <span class='ocrx_word' id='word_1_130' title='bbox 1073 1982 1200 2058; x_wconf 81' lang='lat' dir='ltr'>glorioso</span> <span class='ocrx_word' id='word_1_131' title='bbox 1234 1983 1343 2039; x_wconf 88' lang='lat' dir='ltr'>meruit</span> 
     </span>
     <span class='ocr_line' id='line_1_21' title="bbox 138 2061 1081 2142; baseline 0.001 -24"><span class='ocrx_word' id='word_1_132' title='bbox 138 2061 312 2119; x_wconf 91' lang='lat' dir='ltr'>Dominum.</span> <span class='ocrx_word' id='word_1_133' title='bbox 770 2063 904 2119; x_wconf 87' lang='lat' dir='ltr'>coronari</span> <span class='ocrx_word' id='word_1_134' title='bbox 917 2061 1081 2142; x_wconf 85' lang='lat' dir='ltr'>martyrio]</span> 
     </span>
    </p>
   </div>
   <div class='ocr_carea' id='block_1_3' title="bbox 452 2242 1035 2302">
    <p class='ocr_par' dir='ltr' id='par_1_10' title="bbox 452 2242 1035 2302">
     <span class='ocr_line' id='line_1_22' title="bbox 452 2242 1035 2302; baseline 0 -2"><span class='ocrx_word' id='word_1_135' title='bbox 452 2242 555 2300; x_wconf 70' lang='lat' dir='ltr'><strong>SEXTA</strong></span> <span class='ocrx_word' id='word_1_136' title='bbox 575 2259 629 2299; x_wconf 85' lang='lat' dir='ltr'>DIE</span> <span class='ocrx_word' id='word_1_137' title='bbox 649 2258 671 2298; x_wconf 83' lang='lat' dir='ltr'>A</span> <span class='ocrx_word' id='word_1_138' title='bbox 692 2242 886 2300; x_wconf 75' lang='lat' dir='ltr'>Nnrlvrrnrn</span> <span class='ocrx_word' id='word_1_139' title='bbox 907 2243 1035 2302; x_wconf 78' lang='lat' dir='ltr'>Dorssnl.</span> 
     </span>
    </p>
   </div>
   <div class='ocr_carea' id='block_1_4' title="bbox 200 2383 701 2459">
    <p class='ocr_par' dir='ltr' id='par_1_11' title="bbox 200 2383 701 2459">
     <span class='ocr_line' id='line_1_23' title="bbox 200 2383 701 2459; baseline 0.006 -20"><span class='ocrx_word' id='word_1_140' title='bbox 200 2383 298 2440; x_wconf 77' lang='lat' dir='ltr'>Misso</span> <span class='ocrx_word' id='word_1_141' title='bbox 311 2383 484 2459; x_wconf 64' lang='lat' dir='ltr'>capitulana</span> <span class='ocrx_word' id='word_1_142' title='bbox 499 2403 560 2440; x_wconf 80' lang='lat' dir='ltr'>non</span> <span class='ocrx_word' id='word_1_143' title='bbox 576 2383 701 2442; x_wconf 77' lang='lat' dir='ltr'>dicatur.</span> 
     </span>
    </p>
   </div>
   <div class='ocr_carea' id='block_1_5' title="bbox 140 2461 1347 2624">
    <p class='ocr_par' dir='ltr' id='par_1_12' title="bbox 140 2461 1347 2624">
     <span class='ocr_line' id='line_1_24' title="bbox 202 2461 1347 2543; baseline -0.003 -21"><span class='ocrx_word' id='word_1_144' title='bbox 202 2461 330 2543; x_wconf 76' lang='lat' dir='ltr'>[Chorus</span> <span class='ocrx_word' id='word_1_145' title='bbox 355 2473 475 2539; x_wconf 71' lang='lat' dir='ltr'>regatur</span> <span class='ocrx_word' id='word_1_146' title='bbox 501 2485 521 2520; x_wconf 84' lang='lat' dir='ltr'>a</span> <span class='ocrx_word' id='word_1_147' title='bbox 548 2464 661 2521; x_wconf 78' lang='lat' dir='ltr'>dnobus</span> <span class='ocrx_word' id='word_1_148' title='bbox 689 2465 723 2521; x_wconf 80' lang='lat' dir='ltr'>ia</span> <span class='ocrx_word' id='word_1_149' title='bbox 752 2464 842 2540; x_wconf 79' lang='lat' dir='ltr'>Copia</span> <span class='ocrx_word' id='word_1_150' title='bbox 869 2466 965 2523; x_wconf 76' lang='lat' dir='ltr'>cericis</span> <span class='ocrx_word' id='word_1_151' title='bbox 992 2463 1072 2521; x_wconf 81' lang='lat' dir='ltr'>olbis.</span> <span class='ocrx_word' id='word_1_152' title='bbox 1102 2469 1107 2476; x_wconf 89' lang='lat'>&#39;</span> <span class='ocrx_word' id='word_1_153' title='bbox 1132 2463 1167 2520; x_wconf 79' lang='lat' dir='ltr'>Si</span> <span class='ocrx_word' id='word_1_154' title='bbox 1190 2463 1347 2521; x_wconf 78' lang='lat' dir='ltr'>Dominioo</span> 
     </span>
     <span class='ocr_line' id='line_1_25' title="bbox 140 2543 664 2624; baseline -0.002 -21"><span class='ocrx_word' id='word_1_155' title='bbox 140 2543 239 2615; x_wconf 73' lang='lat' dir='ltr'>fucrit,</span> <span class='ocrx_word' id='word_1_156' title='bbox 255 2548 317 2618; x_wconf 82' lang='lat' dir='ltr'>fiat</span> <span class='ocrx_word' id='word_1_157' title='bbox 331 2545 590 2620; x_wconf 80' lang='lat' dir='ltr'>processio—MS.</span> <span class='ocrx_word' id='word_1_158' title='bbox 612 2543 664 2624; x_wconf 84' lang='lat' dir='ltr'>D.]</span> 
     </span>
    </p>
   </div>
   <div class='ocr_carea' id='block_1_6' title="bbox 171 2666 1317 2726">
    <p class='ocr_par' dir='ltr' id='par_1_13' title="bbox 171 2666 1317 2726">
     <span class='ocr_line' id='line_1_26' title="bbox 171 2666 1317 2726; baseline -0.003 -3"><span class='ocrx_word' id='word_1_159' title='bbox 171 2667 245 2723; x_wconf 84' lang='lat' dir='ltr'>Edd.</span> <span class='ocrx_word' id='word_1_160' title='bbox 262 2666 323 2723; x_wconf 90' lang='lat' dir='ltr'>and</span> <span class='ocrx_word' id='word_1_161' title='bbox 337 2666 424 2724; x_wconf 82' lang='lat' dir='ltr'><strong>MSS.</strong></span> <span class='ocrx_word' id='word_1_162' title='bbox 442 2668 481 2724; x_wconf 88' lang='lat' dir='ltr'>A.</span> <span class='ocrx_word' id='word_1_163' title='bbox 497 2668 555 2725; x_wconf 89' lang='lat' dir='ltr'>and</span> <span class='ocrx_word' id='word_1_164' title='bbox 571 2667 601 2724; x_wconf 79' lang='grc' dir='ltr'>Ο.</span> <span class='ocrx_word' id='word_1_165' title='bbox 646 2668 807 2726; x_wconf 77' lang='lat' dir='ltr'>Domurcn</span> <span class='ocrx_word' id='word_1_166' title='bbox 828 2683 922 2724; x_wconf 77' lang='lat' dir='ltr'>rurnn</span> <span class='ocrx_word' id='word_1_167' title='bbox 943 2667 1083 2725; x_wconf 77' lang='lat' dir='ltr'>Oornvns</span> <span class='ocrx_word' id='word_1_168' title='bbox 1105 2666 1317 2723; x_wconf 76' lang='lat' dir='ltr'>Nnrrvrrnris.</span> 
     </span>
    </p>
   </div>
   <div class='ocr_carea' id='block_1_7' title="bbox 138 2789 1351 3353">
    <p class='ocr_par' dir='ltr' id='par_1_14' title="bbox 203 2789 590 2866">
     <span class='ocr_line' id='line_1_27' title="bbox 203 2789 590 2866; baseline 0.003 -19"><span class='ocrx_word' id='word_1_169' title='bbox 203 2791 252 2847; x_wconf 81' lang='lat' dir='ltr'>Ad</span> <span class='ocrx_word' id='word_1_170' title='bbox 273 2789 406 2848; x_wconf 74' lang='lat' dir='ltr'>Missam.</span> <span class='ocrx_word' id='word_1_171' title='bbox 451 2790 590 2866; x_wconf 79' lang='lat' dir='ltr'>Officium.</span> 
     </span>
    </p>

    <p class='ocr_par' dir='ltr' id='par_1_15' title="bbox 138 2869 1351 3092">
     <span class='ocr_line' id='line_1_28' title="bbox 203 2869 1350 2944; baseline -0.003 -16"><span class='ocrx_word' id='word_1_172' title='bbox 203 2873 286 2930; x_wconf 92' lang='lat' dir='ltr'>Dum</span> <span class='ocrx_word' id='word_1_173' title='bbox 298 2872 429 2929; x_wconf 85' lang='lat' dir='ltr'>medium</span> <span class='ocrx_word' id='word_1_174' title='bbox 443 2872 595 2928; x_wconf 88' lang='lat' dir='ltr'>silentium</span> <span class='ocrx_word' id='word_1_175' title='bbox 615 2877 751 2929; x_wconf 88' lang='lat' dir='ltr'>tenerent</span> <span class='ocrx_word' id='word_1_176' title='bbox 765 2871 873 2944; x_wconf 89' lang='lat' dir='ltr'>omnia,</span> <span class='ocrx_word' id='word_1_177' title='bbox 888 2878 919 2929; x_wconf 87' lang='lat' dir='ltr'>et</span> <span class='ocrx_word' id='word_1_178' title='bbox 932 2891 993 2928; x_wconf 84' lang='lat' dir='ltr'>nox</span> <span class='ocrx_word' id='word_1_179' title='bbox 1007 2871 1039 2928; x_wconf 91' lang='lat' dir='ltr'>in</span> <span class='ocrx_word' id='word_1_180' title='bbox 1053 2890 1106 2928; x_wconf 88' lang='lat' dir='ltr'>suo</span> <span class='ocrx_word' id='word_1_181' title='bbox 1120 2890 1207 2928; x_wconf 92' lang='lat' dir='ltr'>cursu</span> <span class='ocrx_word' id='word_1_182' title='bbox 1220 2869 1350 2926; x_wconf 90' lang='lat' dir='ltr'>medium</span> 
     </span>
     <span class='ocr_line' id='line_1_29' title="bbox 138 2950 1351 3030; baseline -0.004 -20"><span class='ocrx_word' id='word_1_183' title='bbox 138 2955 199 3011; x_wconf 90' lang='lat' dir='ltr'>iter</span> <span class='ocrx_word' id='word_1_184' title='bbox 225 2953 357 3024; x_wconf 85' lang='lat' dir='ltr'>haberet,</span> <span class='ocrx_word' id='word_1_185' title='bbox 386 2953 571 3030; x_wconf 91' lang='lat' dir='ltr'>omnipotens</span> <span class='ocrx_word' id='word_1_186' title='bbox 600 2972 695 3011; x_wconf 91' lang='lat' dir='ltr'>sermo</span> <span class='ocrx_word' id='word_1_187' title='bbox 722 2959 801 3024; x_wconf 91' lang='lat' dir='ltr'>tuus,</span> <span class='ocrx_word' id='word_1_188' title='bbox 827 2953 964 3024; x_wconf 87' lang='lat' dir='ltr'>Domine,</span> <span class='ocrx_word' id='word_1_189' title='bbox 990 2953 1025 3009; x_wconf 89' lang='lat' dir='ltr'>de</span> <span class='ocrx_word' id='word_1_190' title='bbox 1052 2951 1130 3009; x_wconf 86' lang='lat' dir='ltr'>caelis</span> <span class='ocrx_word' id='word_1_191' title='bbox 1157 2972 1175 3008; x_wconf 87' lang='lat' dir='ltr'>a</span> <span class='ocrx_word' id='word_1_192' title='bbox 1202 2950 1351 3026; x_wconf 87' lang='lat' dir='ltr'>regalibus</span> 
     </span>
     <span class='ocr_line' id='line_1_30' title="bbox 140 3034 373 3092; baseline 0 0"><span class='ocrx_word' id='word_1_193' title='bbox 140 3034 261 3092; x_wconf 89' lang='lat' dir='ltr'>sedibus</span> <span class='ocrx_word' id='word_1_194' title='bbox 281 3034 373 3092; x_wconf 80' lang='lat' dir='ltr'>venit.</span> 
     </span>
    </p>

    <p class='ocr_par' dir='ltr' id='par_1_16' title="bbox 204 3114 348 3172">
     <span class='ocr_line' id='line_1_31' title="bbox 204 3114 348 3172; baseline 0.007 -2"><span class='ocrx_word' id='word_1_195' title='bbox 204 3114 348 3172; x_wconf 71' lang='lat' dir='ltr'>Pauliana.</span> 
     </span>
    </p>

    <p class='ocr_par' dir='ltr' id='par_1_17' title="bbox 140 3194 1351 3353">
     <span class='ocr_line' id='line_1_32' title="bbox 204 3194 1351 3272; baseline -0.004 -20"><span class='ocrx_word' id='word_1_196' title='bbox 204 3195 352 3252; x_wconf 90' lang='lat' dir='ltr'>Dominus</span> <span class='ocrx_word' id='word_1_197' title='bbox 366 3195 510 3272; x_wconf 68' lang='lat' dir='ltr'>regnarit,</span> <span class='ocrx_word' id='word_1_198' title='bbox 524 3195 658 3252; x_wconf 88' lang='lat' dir='ltr'>docorem</span> <span class='ocrx_word' id='word_1_199' title='bbox 672 3195 788 3251; x_wconf 88' lang='lat' dir='ltr'>induit:</span> <span class='ocrx_word' id='word_1_200' title='bbox 814 3195 913 3252; x_wconf 89' lang='lat' dir='ltr'>induit</span> <span class='ocrx_word' id='word_1_201' title='bbox 928 3195 1076 3252; x_wconf 87' lang='lat' dir='ltr'>Dominus</span> <span class='ocrx_word' id='word_1_202' title='bbox 1094 3194 1300 3251; x_wconf 85' lang='lat' dir='ltr'>fortitudinem</span> <span class='ocrx_word' id='word_1_203' title='bbox 1322 3199 1351 3248; x_wconf 88' lang='lat' dir='ltr'>ct</span> 
     </span>
     <span class='ocr_line' id='line_1_33' title="bbox 140 3276 483 3353; baseline -0.015 -18"><span class='ocrx_word' id='word_1_204' title='bbox 140 3276 304 3353; x_wconf 82' lang='lat' dir='ltr'>praecinxit</span> <span class='ocrx_word' id='word_1_205' title='bbox 318 3295 349 3333; x_wconf 93' lang='lat' dir='ltr'>se</span> <span class='ocrx_word' id='word_1_206' title='bbox 362 3276 483 3334; x_wconf 89' lang='lat' dir='ltr'>virtute.</span> 
     </span>
    </p>
   </div>
   <div class='ocr_carea' id='block_1_8' title="bbox 142 3420 1354 3719">
    <p class='ocr_par' dir='ltr' id='par_1_18' title="bbox 142 3420 1353 3588">
     <span class='ocr_line' id='line_1_34' title="bbox 205 3420 1353 3482; baseline -0.008 -13"><span class='ocrx_word' id='word_1_207' title='bbox 205 3427 218 3449; x_wconf 81' lang='grc'><em>“</em></span> <span class='ocrx_word' id='word_1_208' title='bbox 234 3425 265 3469; x_wconf 88' lang='lat' dir='ltr'>In</span> <span class='ocrx_word' id='word_1_209' title='bbox 275 3424 329 3469; x_wconf 87' lang='lat' dir='ltr'>MS.</span> <span class='ocrx_word' id='word_1_210' title='bbox 341 3426 372 3469; x_wconf 85' lang='lat' dir='ltr'>A.</span> <span class='ocrx_word' id='word_1_211' title='bbox 388 3425 429 3470; x_wconf 90' lang='lat' dir='ltr'>the</span> <span class='ocrx_word' id='word_1_212' title='bbox 443 3424 545 3482; x_wconf 88' lang='lat' dir='ltr'>original</span> <span class='ocrx_word' id='word_1_213' title='bbox 560 3424 658 3480; x_wconf 84' lang='lat' dir='ltr'>Oolleot,</span> <span class='ocrx_word' id='word_1_214' title='bbox 675 3424 765 3478; x_wconf 86' lang='lat' dir='ltr'>Socrct,</span> <span class='ocrx_word' id='word_1_215' title='bbox 776 3423 823 3467; x_wconf 87' lang='lat' dir='ltr'>and</span> <span class='ocrx_word' id='word_1_216' title='bbox 838 3423 1050 3467; x_wconf 85' lang='lat' dir='ltr'>Postcommunion</span> <span class='ocrx_word' id='word_1_217' title='bbox 1061 3435 1101 3466; x_wconf 89' lang='lat' dir='ltr'>are</span> <span class='ocrx_word' id='word_1_218' title='bbox 1111 3421 1202 3475; x_wconf 85' lang='lat' dir='ltr'>erased,</span> <span class='ocrx_word' id='word_1_219' title='bbox 1212 3420 1260 3464; x_wconf 84' lang='lat' dir='ltr'>and</span> <span class='ocrx_word' id='word_1_220' title='bbox 1269 3433 1284 3463; x_wconf 85' lang='lat' dir='ltr'>a</span> <span class='ocrx_word' id='word_1_221' title='bbox 1294 3420 1353 3463; x_wconf 75' lang='lat' dir='ltr'>lator</span> 
     </span>
     <span class='ocr_line' id='line_1_35' title="bbox 144 3478 1353 3542; baseline -0.006 -14"><span class='ocrx_word' id='word_1_222' title='bbox 144 3485 210 3529; x_wconf 80' lang='lat' dir='ltr'>hand</span> <span class='ocrx_word' id='word_1_223' title='bbox 220 3485 265 3528; x_wconf 83' lang='lat' dir='ltr'>has</span> <span class='ocrx_word' id='word_1_224' title='bbox 274 3483 384 3529; x_wconf 84' lang='lat' dir='ltr'>inserted</span> <span class='ocrx_word' id='word_1_225' title='bbox 393 3485 419 3528; x_wconf 91' lang='lat' dir='ltr'>in</span> <span class='ocrx_word' id='word_1_226' title='bbox 429 3485 491 3530; x_wconf 90' lang='lat' dir='ltr'>their</span> <span class='ocrx_word' id='word_1_227' title='bbox 501 3485 568 3542; x_wconf 89' lang='lat' dir='ltr'>place</span> <span class='ocrx_word' id='word_1_228' title='bbox 579 3485 619 3529; x_wconf 90' lang='lat' dir='ltr'>the</span> <span class='ocrx_word' id='word_1_229' title='bbox 630 3497 695 3528; x_wconf 83' lang='lat' dir='ltr'>same</span> <span class='ocrx_word' id='word_1_230' title='bbox 711 3483 801 3527; x_wconf 85' lang='lat' dir='ltr'>Collcct</span> <span class='ocrx_word' id='word_1_231' title='bbox 816 3496 843 3526; x_wconf 88' lang='lat' dir='ltr'>as</span> <span class='ocrx_word' id='word_1_232' title='bbox 853 3482 878 3526; x_wconf 93' lang='lat' dir='ltr'>in</span> <span class='ocrx_word' id='word_1_233' title='bbox 889 3483 929 3527; x_wconf 89' lang='lat' dir='ltr'>the</span> <span class='ocrx_word' id='word_1_234' title='bbox 940 3486 998 3537; x_wconf 80' lang='lat' dir='ltr'>text,</span> <span class='ocrx_word' id='word_1_235' title='bbox 1008 3481 1055 3525; x_wconf 83' lang='lat' dir='ltr'>and</span> <span class='ocrx_word' id='word_1_236' title='bbox 1071 3482 1111 3525; x_wconf 88' lang='lat' dir='ltr'>tho</span> <span class='ocrx_word' id='word_1_237' title='bbox 1127 3479 1255 3536; x_wconf 82' lang='lat' dir='ltr'>following</span> <span class='ocrx_word' id='word_1_238' title='bbox 1271 3478 1353 3522; x_wconf 84' lang='lat' dir='ltr'>Socrct</span> 
     </span>
     <span class='ocr_line' id='line_1_36' title="bbox 142 3542 473 3588; baseline 0 -1"><span class='ocrx_word' id='word_1_239' title='bbox 142 3544 193 3588; x_wconf 89' lang='lat' dir='ltr'>and</span> <span class='ocrx_word' id='word_1_240' title='bbox 208 3542 420 3588; x_wconf 88' lang='lat' dir='ltr'>Postcommunion</span> <span class='ocrx_word' id='word_1_241' title='bbox 428 3559 434 3587; x_wconf 73' lang='grc' dir='ltr'><em>τ</em></span> <span class='ocrx_word' id='word_1_242' title='bbox 443 3569 473 3577; x_wconf 91' lang='grc'>-</span> 
     </span>
    </p>

    <p class='ocr_par' dir='ltr' id='par_1_19' title="bbox 206 3602 306 3646">
     <span class='ocr_line' id='line_1_37' title="bbox 206 3602 306 3646; baseline 0 0"><span class='ocrx_word' id='word_1_243' title='bbox 206 3602 306 3646; x_wconf 58' lang='lat' dir='ltr'>Seuera.</span> 
     </span>
    </p>

    <p class='ocr_par' dir='ltr' id='par_1_20' title="bbox 206 3654 1354 3719">
     <span class='ocr_line' id='line_1_38' title="bbox 206 3654 1354 3719; baseline -0.007 -15"><span class='ocrx_word' id='word_1_244' title='bbox 206 3661 281 3716; x_wconf 84' lang='lat' dir='ltr'>Deus,</span> <span class='ocrx_word' id='word_1_245' title='bbox 291 3659 368 3718; x_wconf 91' lang='lat' dir='ltr'>quiin</span> <span class='ocrx_word' id='word_1_246' title='bbox 380 3661 456 3706; x_wconf 87' lang='lat' dir='ltr'>sancti</span> <span class='ocrx_word' id='word_1_247' title='bbox 466 3659 580 3719; x_wconf 85' lang='lat' dir='ltr'>martyris</span> <span class='ocrx_word' id='word_1_248' title='bbox 594 3660 630 3705; x_wconf 92' lang='lat' dir='ltr'>tui</span> <span class='ocrx_word' id='word_1_249' title='bbox 641 3664 713 3716; x_wconf 87' lang='lat' dir='ltr'>atquc</span> <span class='ocrx_word' id='word_1_250' title='bbox 724 3658 847 3717; x_wconf 89' lang='lat' dir='ltr'>pontificis</span> <span class='ocrx_word' id='word_1_251' title='bbox 859 3659 959 3704; x_wconf 84' lang='lat' dir='ltr'>Thomoe</span> <span class='ocrx_word' id='word_1_252' title='bbox 970 3656 1099 3714; x_wconf 86' lang='lat' dir='ltr'>sanguinis</span> <span class='ocrx_word' id='word_1_253' title='bbox 1112 3655 1229 3699; x_wconf 84' lang='lat' dir='ltr'>offusione</span> <span class='ocrx_word' id='word_1_254' title='bbox 1239 3654 1354 3698; x_wconf 86' lang='lat' dir='ltr'>miracula</span> 
     </span>
    </p>
   </div>
   <div class='ocr_carea' id='block_1_9' title="bbox 144 3714 1424 3778">
    <p class='ocr_par' dir='ltr' id='par_1_21' title="bbox 144 3714 1424 3778">
     <span class='ocr_line' id='line_1_39' title="bbox 144 3714 1424 3778; baseline -0.007 -14"><span class='ocrx_word' id='word_1_255' title='bbox 144 3719 279 3775; x_wconf 77' lang='lat' dir='ltr'>suscitasti,</span> <span class='ocrx_word' id='word_1_256' title='bbox 296 3723 392 3776; x_wconf 73' lang='lat' dir='ltr'>praesta,</span> <span class='ocrx_word' id='word_1_257' title='bbox 410 3734 554 3778; x_wconf 72' lang='lat' dir='ltr'>quaesumus,</span> <span class='ocrx_word' id='word_1_258' title='bbox 573 3723 599 3765; x_wconf 85' lang='lat' dir='ltr'>ut</span> <span class='ocrx_word' id='word_1_259' title='bbox 614 3719 723 3776; x_wconf 85' lang='lat' dir='ltr'>ejusdcm</span> <span class='ocrx_word' id='word_1_260' title='bbox 736 3717 846 3776; x_wconf 84' lang='lat' dir='ltr'>martyrii</span> <span class='ocrx_word' id='word_1_261' title='bbox 859 3718 962 3776; x_wconf 88' lang='lat' dir='ltr'>palmam</span> <span class='ocrx_word' id='word_1_262' title='bbox 977 3718 1062 3761; x_wconf 87' lang='lat' dir='ltr'>devoto</span> <span class='ocrx_word' id='word_1_263' title='bbox 1082 3716 1214 3759; x_wconf 84' lang='lat' dir='ltr'>recolentes</span> <span class='ocrx_word' id='word_1_264' title='bbox 1230 3714 1255 3757; x_wconf 91' lang='lat' dir='ltr'>in</span> <span class='ocrx_word' id='word_1_265' title='bbox 1273 3714 1354 3766; x_wconf 87' lang='lat' dir='ltr'>terris,</span> <span class='ocrx_word' id='word_1_266' title='bbox 1421 3732 1424 3737; x_wconf 85' lang='lat'><strong>·</strong></span> 
     </span>
    </p>
   </div>
   <div class='ocr_carea' id='block_1_10' title="bbox 143 3777 1356 4354">
    <p class='ocr_par' dir='ltr' id='par_1_22' title="bbox 144 3777 881 3836">
     <span class='ocr_line' id='line_1_40' title="bbox 144 3777 881 3836; baseline -0.003 -13"><span class='ocrx_word' id='word_1_267' title='bbox 144 3778 244 3824; x_wconf 72' lang='lat' dir='ltr'>aeternis</span> <span class='ocrx_word' id='word_1_268' title='bbox 254 3779 385 3836; x_wconf 86' lang='lat' dir='ltr'>stipendiis</span> <span class='ocrx_word' id='word_1_269' title='bbox 395 3793 535 3824; x_wconf 86' lang='lat' dir='ltr'>coronemur</span> <span class='ocrx_word' id='word_1_270' title='bbox 545 3779 572 3823; x_wconf 90' lang='lat' dir='ltr'>in</span> <span class='ocrx_word' id='word_1_271' title='bbox 582 3779 653 3823; x_wconf 67' lang='lat' dir='ltr'>caelis.</span> <span class='ocrx_word' id='word_1_272' title='bbox 685 3778 732 3822; x_wconf 91' lang='lat' dir='ltr'>Pcr</span> <span class='ocrx_word' id='word_1_273' title='bbox 743 3777 881 3822; x_wconf 88' lang='lat' dir='ltr'>Dominum.</span> 
     </span>
    </p>

    <p class='ocr_par' dir='ltr' id='par_1_23' title="bbox 206 3837 395 3882">
     <span class='ocr_line' id='line_1_41' title="bbox 206 3837 395 3882; baseline 0 0"><span class='ocrx_word' id='word_1_274' title='bbox 206 3837 395 3882; x_wconf 77' lang='lat' dir='ltr'>Postcmnmnnio.</span> 
     </span>
    </p>

    <p class='ocr_par' dir='ltr' id='par_1_24' title="bbox 143 3892 1356 4121">
     <span class='ocr_line' id='line_1_42' title="bbox 207 3892 1354 3954; baseline -0.006 -14"><span class='ocrx_word' id='word_1_275' title='bbox 207 3895 283 3952; x_wconf 84' lang='lat' dir='ltr'>Deus,</span> <span class='ocrx_word' id='word_1_276' title='bbox 299 3896 341 3954; x_wconf 92' lang='lat' dir='ltr'>qui</span> <span class='ocrx_word' id='word_1_277' title='bbox 357 3896 453 3940; x_wconf 88' lang='lat' dir='ltr'>beatum</span> <span class='ocrx_word' id='word_1_278' title='bbox 471 3896 589 3941; x_wconf 85' lang='lat' dir='ltr'>Thomam</span> <span class='ocrx_word' id='word_1_279' title='bbox 604 3893 798 3953; x_wconf 73' lang='lat' dir='ltr'>archipraesulem</span> <span class='ocrx_word' id='word_1_280' title='bbox 816 3899 840 3940; x_wconf 89' lang='lat' dir='ltr'>et</span> <span class='ocrx_word' id='word_1_281' title='bbox 857 3893 953 3951; x_wconf 85' lang='lat' dir='ltr'>Angliae</span> <span class='ocrx_word' id='word_1_282' title='bbox 969 3893 1093 3951; x_wconf 84' lang='lat' dir='ltr'>primatem</span> <span class='ocrx_word' id='word_1_283' title='bbox 1115 3892 1140 3936; x_wconf 91' lang='lat' dir='ltr'>in</span> <span class='ocrx_word' id='word_1_284' title='bbox 1156 3892 1249 3947; x_wconf 85' lang='lat' dir='ltr'>gremio</span> <span class='ocrx_word' id='word_1_285' title='bbox 1265 3894 1354 3935; x_wconf 73' lang='lat' dir='ltr'>sanctio</span> 
     </span>
     <span class='ocr_line' id='line_1_43' title="bbox 145 3950 1354 4013; baseline -0.007 -12"><span class='ocrx_word' id='word_1_286' title='bbox 145 3955 233 4002; x_wconf 87' lang='lat' dir='ltr'>matris</span> <span class='ocrx_word' id='word_1_287' title='bbox 254 3955 368 4000; x_wconf 81' lang='lat' dir='ltr'>Ecclesiae</span> <span class='ocrx_word' id='word_1_288' title='bbox 385 3956 495 4013; x_wconf 84' lang='lat' dir='ltr'>martyrii</span> <span class='ocrx_word' id='word_1_289' title='bbox 513 3956 591 4013; x_wconf 88' lang='lat' dir='ltr'>palma</span> <span class='ocrx_word' id='word_1_290' title='bbox 608 3955 761 4010; x_wconf 87' lang='lat' dir='ltr'>consecrasti,</span> <span class='ocrx_word' id='word_1_291' title='bbox 779 3954 857 3999; x_wconf 89' lang='lat' dir='ltr'>tribue</span> <span class='ocrx_word' id='word_1_292' title='bbox 877 3953 956 4008; x_wconf 90' lang='lat' dir='ltr'>nobis,</span> <span class='ocrx_word' id='word_1_293' title='bbox 977 3965 1122 4009; x_wconf 74' lang='lat' dir='ltr'>quaesumus,</span> <span class='ocrx_word' id='word_1_294' title='bbox 1141 3959 1167 3996; x_wconf 83' lang='lat' dir='ltr'>ut</span> <span class='ocrx_word' id='word_1_295' title='bbox 1186 3951 1239 4008; x_wconf 89' lang='lat' dir='ltr'>ejus</span> <span class='ocrx_word' id='word_1_296' title='bbox 1259 3950 1354 3995; x_wconf 86' lang='lat' dir='ltr'>moritis</span> 
     </span>
     <span class='ocr_line' id='line_1_44' title="bbox 143 4009 1356 4073; baseline -0.007 -13"><span class='ocrx_word' id='word_1_297' title='bbox 143 4021 171 4060; x_wconf 83' lang='lat' dir='ltr'>ct</span> <span class='ocrx_word' id='word_1_298' title='bbox 192 4014 306 4072; x_wconf 89' lang='lat' dir='ltr'>precibus</span> <span class='ocrx_word' id='word_1_299' title='bbox 327 4014 468 4073; x_wconf 75' lang='lat' dir='ltr'>adjuvemur</span> <span class='ocrx_word' id='word_1_300' title='bbox 487 4014 514 4058; x_wconf 91' lang='lat' dir='ltr'>in</span> <span class='ocrx_word' id='word_1_301' title='bbox 533 4014 605 4069; x_wconf 84' lang='lat' dir='ltr'>caelis,</span> <span class='ocrx_word' id='word_1_302' title='bbox 624 4015 694 4072; x_wconf 87' lang='lat' dir='ltr'>cujus</span> <span class='ocrx_word' id='word_1_303' title='bbox 712 4014 848 4059; x_wconf 85' lang='lat' dir='ltr'>veneranda</span> <span class='ocrx_word' id='word_1_304' title='bbox 867 4012 977 4070; x_wconf 85' lang='lat' dir='ltr'>passione</span> <span class='ocrx_word' id='word_1_305' title='bbox 998 4010 1128 4068; x_wconf 85' lang='lat' dir='ltr'>gloriemur</span> <span class='ocrx_word' id='word_1_306' title='bbox 1147 4010 1270 4055; x_wconf 89' lang='lat' dir='ltr'>interris.</span> <span class='ocrx_word' id='word_1_307' title='bbox 1308 4009 1356 4053; x_wconf 81' lang='lat' dir='ltr'>Por</span> 
     </span>
     <span class='ocr_line' id='line_1_45' title="bbox 150 4075 289 4121; baseline 0.014 -3"><span class='ocrx_word' id='word_1_308' title='bbox 150 4075 289 4121; x_wconf 89' lang='lat' dir='ltr'>Dominum.</span> 
     </span>
    </p>

    <p class='ocr_par' dir='ltr' id='par_1_25' title="bbox 149 4129 1355 4354">
     <span class='ocr_line' id='line_1_46' title="bbox 209 4129 1353 4190; baseline -0.005 -14"><span class='ocrx_word' id='word_1_309' title='bbox 209 4133 263 4178; x_wconf 84' lang='lat' dir='ltr'>Tho</span> <span class='ocrx_word' id='word_1_310' title='bbox 278 4132 347 4178; x_wconf 84' lang='lat' dir='ltr'>other</span> <span class='ocrx_word' id='word_1_311' title='bbox 361 4136 428 4189; x_wconf 84' lang='lat' dir='ltr'>parts</span> <span class='ocrx_word' id='word_1_312' title='bbox 444 4131 469 4176; x_wconf 85' lang='lat' dir='ltr'>of</span> <span class='ocrx_word' id='word_1_313' title='bbox 483 4132 524 4177; x_wconf 90' lang='lat' dir='ltr'>the</span> <span class='ocrx_word' id='word_1_314' title='bbox 538 4131 605 4177; x_wconf 86' lang='lat' dir='ltr'>Mass</span> <span class='ocrx_word' id='word_1_315' title='bbox 619 4133 646 4175; x_wconf 92' lang='lat' dir='ltr'>in</span> <span class='ocrx_word' id='word_1_316' title='bbox 660 4132 709 4176; x_wconf 88' lang='lat' dir='ltr'>this</span> <span class='ocrx_word' id='word_1_317' title='bbox 724 4132 777 4176; x_wconf 88' lang='lat' dir='ltr'>Ms.</span> <span class='ocrx_word' id='word_1_318' title='bbox 791 4145 840 4187; x_wconf 86' lang='lat' dir='ltr'>arc,</span> <span class='ocrx_word' id='word_1_319' title='bbox 853 4144 880 4175; x_wconf 89' lang='lat' dir='ltr'>as</span> <span class='ocrx_word' id='word_1_320' title='bbox 895 4129 1163 4190; x_wconf 62' lang='lat' dir='ltr'>corrected-Officium.</span> <span class='ocrx_word' id='word_1_321' title='bbox 1196 4129 1353 4174; x_wconf 85' lang='lat' dir='ltr'>Gaudeamus.</span> 
     </span>
     <span class='ocr_line' id='line_1_47' title="bbox 150 4188 1353 4250; baseline -0.006 -14"><span class='ocrx_word' id='word_1_322' title='bbox 150 4191 259 4250; x_wconf 56' lang='lat' dir='ltr'>Epistola.</span> <span class='ocrx_word' id='word_1_323' title='bbox 286 4192 373 4236; x_wconf 87' lang='lat' dir='ltr'>Justus</span> <span class='ocrx_word' id='word_1_324' title='bbox 384 4190 404 4236; x_wconf 91' lang='lat' dir='ltr'>si</span> <span class='ocrx_word' id='word_1_325' title='bbox 415 4194 497 4236; x_wconf 85' lang='lat' dir='ltr'>morte.</span> <span class='ocrx_word' id='word_1_326' title='bbox 527 4190 634 4236; x_wconf 86' lang='lat' dir='ltr'>Gradole.</span> <span class='ocrx_word' id='word_1_327' title='bbox 662 4191 776 4246; x_wconf 88' lang='lat' dir='ltr'>Posuisti,</span> <span class='ocrx_word' id='word_1_328' title='bbox 788 4190 897 4235; x_wconf 86' lang='lat' dir='ltr'>Domino.</span> <span class='ocrx_word' id='word_1_329' title='bbox 929 4189 1046 4247; x_wconf 79' lang='lat' dir='ltr'>Allcluya</span> <span class='ocrx_word' id='word_1_330' title='bbox 1083 4189 1107 4233; x_wconf 84' lang='lat' dir='ltr'>V.</span> <span class='ocrx_word' id='word_1_331' title='bbox 1130 4189 1213 4233; x_wconf 84' lang='lat' dir='ltr'>Gloria</span> <span class='ocrx_word' id='word_1_332' title='bbox 1223 4193 1246 4232; x_wconf 88' lang='lat' dir='ltr'>et</span> <span class='ocrx_word' id='word_1_333' title='bbox 1257 4188 1353 4231; x_wconf 83' lang='lat' dir='ltr'>honoro.</span> 
     </span>
     <span class='ocr_line' id='line_1_48' title="bbox 150 4246 1355 4310; baseline -0.005 -15"><span class='ocrx_word' id='word_1_334' title='bbox 150 4251 304 4310; x_wconf 65' lang='lat' dir='ltr'>Evangelizator.</span> <span class='ocrx_word' id='word_1_335' title='bbox 337 4250 391 4307; x_wconf 85' lang='lat' dir='ltr'>Ego</span> <span class='ocrx_word' id='word_1_336' title='bbox 402 4263 455 4294; x_wconf 88' lang='lat' dir='ltr'>sum</span> <span class='ocrx_word' id='word_1_337' title='bbox 465 4252 548 4309; x_wconf 87' lang='lat' dir='ltr'>pastor</span> <span class='ocrx_word' id='word_1_338' title='bbox 558 4249 644 4297; x_wconf 90' lang='lat' dir='ltr'>bonus.</span> <span class='ocrx_word' id='word_1_339' title='bbox 675 4249 824 4308; x_wconf 59' lang='lat' dir='ltr'>opinor-am.</span> <span class='ocrx_word' id='word_1_340' title='bbox 851 4248 934 4293; x_wconf 86' lang='lat' dir='ltr'>Gloria</span> <span class='ocrx_word' id='word_1_341' title='bbox 944 4252 968 4292; x_wconf 89' lang='lat' dir='ltr'>et</span> <span class='ocrx_word' id='word_1_342' title='bbox 979 4248 1074 4292; x_wconf 84' lang='lat' dir='ltr'>honore.</span> <span class='ocrx_word' id='word_1_343' title='bbox 1104 4246 1238 4293; x_wconf 77' lang='lat' dir='ltr'>Conrniunio.</span> <span class='ocrx_word' id='word_1_344' title='bbox 1265 4247 1355 4303; x_wconf 84' lang='lat' dir='ltr'>Magna</span> 
     </span>
     <span class='ocr_line' id='line_1_49' title="bbox 149 4316 195 4354; baseline 0.022 -1"><span class='ocrx_word' id='word_1_345' title='bbox 149 4316 195 4354; x_wconf 78' lang='lat' dir='ltr'>cst.</span> 
     </span>
    </p>
   </div>
   <div class='ocr_carea' id='block_1_11' title="bbox 149 4382 1356 4551">
    <p class='ocr_par' dir='ltr' id='par_1_26' title="bbox 149 4382 1356 4551">
     <span class='ocr_line' id='line_1_50' title="bbox 211 4382 1356 4444; baseline -0.004 -15"><span class='ocrx_word' id='word_1_346' title='bbox 211 4385 225 4444; x_wconf 95' lang='lat'><strong>†</strong></span> <span class='ocrx_word' id='word_1_347' title='bbox 241 4385 303 4430; x_wconf 82' lang='lat' dir='ltr'>This</span> <span class='ocrx_word' id='word_1_348' title='bbox 314 4383 397 4430; x_wconf 85' lang='lat' dir='ltr'>Scorct</span> <span class='ocrx_word' id='word_1_349' title='bbox 406 4384 454 4429; x_wconf 90' lang='lat' dir='ltr'>and</span> <span class='ocrx_word' id='word_1_350' title='bbox 464 4384 676 4429; x_wconf 80' lang='lat' dir='ltr'>Postcomniunion</span> <span class='ocrx_word' id='word_1_351' title='bbox 687 4384 763 4427; x_wconf 80' lang='lat' dir='ltr'>arsin</span> <span class='ocrx_word' id='word_1_352' title='bbox 774 4384 814 4427; x_wconf 86' lang='lat' dir='ltr'>tho</span> <span class='ocrx_word' id='word_1_353' title='bbox 826 4383 913 4428; x_wconf 81' lang='lat' dir='ltr'>Sarum</span> <span class='ocrx_word' id='word_1_354' title='bbox 928 4384 975 4428; x_wconf 86' lang='lat' dir='ltr'>and</span> <span class='ocrx_word' id='word_1_355' title='bbox 985 4383 1103 4428; x_wconf 79' lang='lat' dir='ltr'>Hereiord</span> <span class='ocrx_word' id='word_1_356' title='bbox 1113 4383 1219 4430; x_wconf 83' lang='lat' dir='ltr'>Missals.</span> <span class='ocrx_word' id='word_1_357' title='bbox 1253 4382 1301 4426; x_wconf 77' lang='lat' dir='ltr'>For</span> <span class='ocrx_word' id='word_1_358' title='bbox 1315 4383 1356 4426; x_wconf 86' lang='lat' dir='ltr'>tha</span> 
     </span>
     <span class='ocr_line' id='line_1_51' title="bbox 149 4440 1356 4551; baseline -0.004 -64"><span class='ocrx_word' id='word_1_359' title='bbox 149 4444 363 4551; x_wconf 43' lang='lat' dir='ltr'>ffiffflimmm‘m</span> <span class='ocrx_word' id='word_1_360' title='bbox 374 4444 399 4487; x_wconf 90' lang='lat' dir='ltr'>in</span> <span class='ocrx_word' id='word_1_361' title='bbox 411 4443 464 4492; x_wconf 83' lang='lat' dir='ltr'>MS.</span> <span class='ocrx_word' id='word_1_362' title='bbox 478 4444 507 4491; x_wconf 83' lang='lat' dir='ltr'>A.</span> <span class='ocrx_word' id='word_1_363' title='bbox 522 4458 560 4486; x_wconf 83' lang='lat' dir='ltr'>see</span> <span class='ocrx_word' id='word_1_364' title='bbox 571 4444 684 4500; x_wconf 61' lang='lat' dir='ltr'>protinus</span> <span class='ocrx_word' id='word_1_365' title='bbox 696 4447 757 4489; x_wconf 78' lang='lat' dir='ltr'>notu.</span> <span class='ocrx_word' id='word_1_366' title='bbox 792 4443 844 4486; x_wconf 73' lang='lat' dir='ltr'>&#39;l&#39;lrc</span> <span class='ocrx_word' id='word_1_367' title='bbox 859 4442 917 4486; x_wconf 84' lang='lat' dir='ltr'>lolio</span> <span class='ocrx_word' id='word_1_368' title='bbox 927 4444 950 4486; x_wconf 91' lang='lat' dir='ltr'>in</span> <span class='ocrx_word' id='word_1_369' title='bbox 963 4442 1016 4492; x_wconf 81' lang='lat' dir='ltr'>MS.</span> <span class='ocrx_word' id='word_1_370' title='bbox 1029 4444 1057 4490; x_wconf 85' lang='lat' dir='ltr'>D.</span> <span class='ocrx_word' id='word_1_371' title='bbox 1070 4442 1209 4497; x_wconf 79' lang='lat' dir='ltr'>containing</span> <span class='ocrx_word' id='word_1_372' title='bbox 1225 4441 1273 4485; x_wconf 84' lang='lat' dir='ltr'>this</span> <span class='ocrx_word' id='word_1_373' title='bbox 1290 4440 1356 4484; x_wconf 78' lang='lat' dir='ltr'>Mass</span> 
     </span>
    </p>
   </div>
   <div class='ocr_carea' id='block_1_12' title="bbox 0 0 1486 4996">
    <p class='ocr_par' dir='ltr' id='par_1_27' title="bbox 0 0 1486 4996">
     <span class='ocr_line' id='line_1_52' title="bbox 0 0 1486 4996; baseline 0 0"><span class='ocrx_word' id='word_1_374' title='bbox 0 0 1486 4996; x_wconf 95' lang='lat' dir='ltr'> </span> 
     </span>
    </p>
   </div>
  </div>
 </body>
</html>
