2926 4996
543 392 663 456 Oaaoa
682 389 806 456 Missae.
1208 390 1270 453 199

200 561 267 621 MS.
288 561 325 619 B.
543 558 609 617 MS.
633 557 666 617 Ο.
878 554 944 614 MS.
967 555 1139 613 Bnnirnnr.

63 668 121 726 Det
145 667 273 726 oseulari
298 665 423 726 Calicem
446 674 472 723 et
526 665 586 722 Hie
612 665 698 721 detur
755 661 828 720 Haee
854 663 948 720 oratio
974 661 1136 736 subscripta
1163 659 1275 719 dicetne·

63 749 236 825 corporalia,
252 757 279 805 et
286 757 387 823 postea
405 767 474 804 eree·
576 766 647 820 paa.
757 753 915 818 antequam
928 744 1093 817 deturpans.

65 832 180 888 taedet
201 850 305 905 pacem
329 828 473 898 ministro,
758 824 895 895 Domine,
917 832 1017 880 sancte
1038 822 1136 895 Pater,
1156 823 1204 880 ite.
1229 821 1275 899 (at

65 911 182 970 dicens:
753 905 788 962 ia
801 925 858 962 ra.

125 1009 246 1066 Habete
259 1007 413 1065 vinculum
426 1005 506 1082 pacis
520 1013 550 1061 et
571 1004 711 1073 caritatis,
754 904 814 1060 Hie
839 904 945 1076 iareqat
978 1001 1140 1076 maryiaem
1169 999 1275 1060 Calicis

67 1115 99 1164 ut
112 1107 178 1183 apti
190 1106 257 1164 sitis
271 1104 461 1163 saerosanctis
482 1102 711 1178 mysteriistei.
756 1083 880 1160 COYPW
894 1083 1027 1155 DOWW',
1041 1082 1139 1141 dim
1147 1106 1158 1142 ·'

489 1197 718 1277 *PaxDeus(et)
753 1182 779 1239 Ρ
780 1202 820 1239 ax
835 1181 955 1254 Christi,

510 1297 605 1478 soiius
626 1297 712 1354 00010.
752 1281 858 1338 Postea
882 1278 1060 1337 deoeealetar
1079 1276 1218 1345 Sacerdos
1241 1276 1276 1334 il-

511 1395 537 1453 si
580 1395 712 1452 abundet
752 1360 813 1418 lam
833 1361 1005 1436 marotiam,
1027 1359 1144 1418 diceas:

510 1493 543 1550 in
574 1493 711 1550 cordibus

512 1590 628 1649 vestris.

753 1464 783 1514 et
797 1463 905 1514 sanan
919 1456 1054 1514 ecelesiae.

752 1555 857 1613 Postea
877 1563 968 1611 vertat
989 1575 1016 1612 se
1035 1555 1076 1612 ad
1095 1553 1273 1624 ministram,

753 1637 850 1694 diceas
860 1661 870 1695 .·

754 1734 874 1792 Habete
888 1734 1042 1790 vinculum
1062 1733 1141 1810 pacis
1159 1739 1190 1791 et
1204 1733 1275 1790 eari-

751 1830 831 1903 tatis‚
854 1837 889 1886 ut
912 1831 977 1905 apti
996 1830 1062 1887 sitis
1082 1829 1273 1887 saerosanctis

754 1928 903 2004 mysteriis
917 1928 983 1985 Dei

750 2027 821 2084 Post
830 2025 1037 2102 datampacem
1046 2025 1125 2083 dieat
1133 2025 1272 2084 Sacerdos

749 2107 893 2165 orationes
920 2106 1094 2181 neheomptas
1117 2115 1184 2164 aate
1205 2126 1272 2181 per·

750 2187 926 2264 ceptionem:

750 2287 832 2343 Deus
847 2285 946 2354 Pater,
956 2284 1023 2341 fons
1037 2290 1068 2341 et
1080 2283 1163 2360 origo
1177 2284 1270 2342 totius

735 2384 900 2452 'bonitatis
916 2382 968 2458 qui
984 2383 1091 2439 duetus
1110 2382 1271 2440 misericor-

750 2482 799 2538 dia
812 2481 1000 2558 unigenitum
1013 2487 1100 2537 tuum
1118 2500 1171 2556 pro
1185 2481 1270 2538 nobis

749 2581 787 2636 ad
797 2580 899 2636 infima
909 2578 1015 2635 mundi
1024 2578 1197 2636 descendere
1211 2599 1271 2636 eer-

748 2698 818 2735 nem
838 2697 953 2734 sumere
966 2675 1098 2750 voluisti,
1113 2697 1203 2752 quam
1216 2697 1270 2753 ego

749 2775 890 2850 indignus
908 2773 957 2830 hio
975 2779 1062 2831 teneo
1075 2773 1109 2830 in
1121 2774 1268 2845 manibus,

749 2879 781 2930 to
791 2872 889 2944 adoro,
900 2878 930 2927 te
939 2870 1079 2948 glorifico,
1090 2877 1122 2930 te
1131 2877 1196 2929 tota
1210 2893 1270 2930 eor·

750 2970 796 3027 dis
816 2969 982 3026 intentione
1002 2969 1091 3026 laudo
1104 2976 1135 3026 ot
1148 2989 1268 3046 precor;

748 3077 783 3127 ut
794 3089 847 3126 nos
857 3063 983 3126 famulos
993 3074 1061 3125 tuos
1071 3088 1131 3126 non
1142 3069 1266 3140 deseras,

749 3167 799 3224 sed
808 3172 926 3242 peccota
934 3173 1035 3222 nostra
1044 3166 1186 3237 dimittas,
1197 3187 1267 3242 qua·

746 3272 834 3322 tenus
847 3265 905 3320 tibi
918 3264 974 3320 soli
984 3264 1055 3320 vivo
1066 3283 1100 3320 ao
1109 3283 1180 3322 vero
1191 3266 1265 3338 Deo,

746 3383 821 3438 puro
837 3363 923 3419 eorde
936 3367 968 3419 et
981 3367 1061 3418 casto
1075 3381 1194 3438 corpore
1208 3382 1265 3420 ser-

61 3461 171 3518 Oratio.
507 3461 639 3520 Oremus.
746 3456 810 3517 vire
818 3461 977 3517 valeamus.
1020 3458 1086 3517 Per.

105 3557 259 3630 Domine,
281 3563 380 3615 sanote
399 3557 497 3628 Pater,
520 3560 705 3635 omnipotens
797 3559 925 3616 Domine
955 3558 1029 3616 Jesu
1061 3559 1174 3617 Christi
1204 3560 1266 3618 Fili

58 3663 168 3712 aeterno
192 3655 283 3724 Deus,
307 3655 344 3711 da
368 3655 452 3712 nobis
476 3657 531 3713 hoe
551 3676 656 3733 eorpus
676 3663 706 3714 et
747 3657 806 3714 Dei
840 3658 905 3713 vivi
945 3656 997 3732 qui
1037 3677 1075 3714 ex
1108 3659 1265 3718 voluntate

57 3752 232 3828 sanguinem
244 3751 315 3808 Filii
328 3753 375 3808 tui
389 3752 512 3809 Domini
523 3753 601 3812 Dei†
612 3756 707 3812 nostri
747 3755 855 3825 Patris,
866 3760 1039 3830 cooperante
1051 3754 1163 3830 Spiritu
1176 3755 1264 3813 Sano-

57 3851 152 3925 ssJesu
165 3849 352 3927 Christissita
365 3858 526 3908 sumerent
539 3873 704 3910 mereamur
744 3859 784 3922 to,
817 3872 870 3928 per
903 3858 1028 3908 mortem
1062 3858 1145 3908 tuam
1179 3873 1264 3910 mun-

57 3967 109 4023 per
123 3948 179 4004 hoe
193 3947 394 4004 remissionem
409 3945 660 4027 [omnium—MS.
676 3947 705 4004 B
745 3949 817 4005 dum
838 3949 1005 4021 vivificasti,
1025 3949 1114 4006 adoro
1134 3957 1165 4008 et
1179 3971 1264 4010 vene

57 4042 198 4124 Mrem]
215 4052 402 4121 peccatorum
425 4053 594 4103 nostrornm
616 4044 704 4127 [meo-
744 4067 794 4103 ror
807 4047 861 4104 hoe
875 4053 1091 4104 sacrosanctum
1112 4065 1217 4124 corpus
1233 4055 1264 4106 et

57 4140 264 4223 rum—Brea]
276 4143 406 4220 accipere
416 4151 447 4202 et
456 4150 509 4200 tuo
521 4144 628 4201 Sancto
639 4145 703 4221 Spi-
743 4145 822 4200 hune
837 4144 1008 4220 sanguinem
1020 4152 1107 4202 tuum
1117 4146 1197 4221 quod
1206 4152 1265 4204 tra

58 4242 116 4297 ritu
132 4241 258 4317 repleri3
280 4242 399 4317 quintu
413 4261 443 4299 es
457 4243 539 4298 Deus
553 4247 583 4299 et
597 4248 705 4317 praeter
745 4242 842 4299 ditum
860 4248 905 4298 est
919 4248 950 4299 et
963 4243 1015 4318 qui
1029 4244 1138 4302 effusus
1152 4251 1197 4302 est
1209 4265 1264 4322 pro

383 4465 395 4490 ¹
412 4466 475 4512 Noto
491 4467 566 4511 added
581 4466 637 4511 horo
653 4481 684 4512 on
699 4466 937 4524 margin—“veens''

263 4537 428 4598 'som-MS.
446 4538 472 4583 Ο.
814 4539 826 4599 ss
843 4538 979 4585 Oui-MS.
996 4541 1024 4588 B.
