2926 4996
474 362 660 427 Dominae
673 361 695 426 i.
716 361 996 447 Quadrupesa'moe.
1296 370 1335 429 51

196 453 329 511 Grndola

193 535 297 592 Unam
316 533 390 609 petii
410 553 429 590 a
447 531 585 604 Domino,
601 531 677 588 hanc
698 531 865 608 requiram:
886 538 921 589 ut
941 532 1106 590 inhabitem
1125 535 1158 590 in
1179 535 1265 591 domo
1279 534 1338 592 Do·

128 635 214 672 mini

136 697 164 753 V.
194 696 242 754 Ur
257 696 372 753 rideam
386 695 572 752 voluntatem
586 693 728 751 Domini:
750 698 780 750 et
794 699 931 770 protegar
943 713 962 750 a
975 694 1085 770 templo
1099 702 1200 753 sancto
1214 697 1284 772 ejus.

193 776 360 834 Seruianum
374 775 512 837 Marcam
533 774 586 849 (oi.
603 773 672 832 47-5
677 774 718 852 6)

194 858 234 914 In
248 858 299 914 illo
313 863 451 933 tempore,
469 857 545 914 Oum
566 875 629 911 sero
650 855 760 912 factum
776 860 861 927 esset,
877 860 940 912 erat
954 856 1039 913 navis
1053 857 1085 912 in
1099 857 1293 930 mediomari,
1308 864 1338 915 et

128 939 152 997 J
152 959 221 996 esus
234 938 312 996 solus
326 939 359 994 in
372 944 451 994 terra
465 956 554 1013 arque
568 936 609 992 ad
623 941 653 992 et
666 942 814 1012 quotquot
827 937 989 1013 tangebant
1003 956 1079 1009 eum,
1095 938 1169 994 salvi
1183 939 1300 996 fiebant.

195 1018 386 1093 Offertoriam.

194 1101 331 1171 Domine,
347 1097 467 1156 vivifica
479 1117 534 1155 me.

194 1180 315 1240 Secreta.

194 1263 322 1338 Suscipe,
340 1259 476 1331 Domine,
493 1258 667 1316 sacrificium
682 1259 765 1334 cujus
779 1264 809 1315 te
823 1258 946 1315 voluisti
959 1259 1116 1336 dignanter
1136 1261 1337 1320 immolatione

131 1345 250 1420 placari,
267 1349 298 1400 et
311 1346 426 1419 praesta,
443 1360 617 1417 quaesumuS,
629 1346 665 1396 ut
679 1340 768 1415 hujus
781 1339 951 1415 operatione
965 1341 1101 1398 mundati
1121 1342 1338 1419 beneplacitum

130 1426 188 1483 tibi
201 1430 310 1481 nostrae
323 1423 432 1479 mentis
453 1422 607 1478 offeramus
627 1420 772 1478 affectum.
816 1420 875 1477 Per
888 1420 1059 1479 Dominum.

196 1504 379 1563 Communia

194 1586 311 1643 Servite
326 1583 463 1642 Domine.

192 1665 436 1723 Postoommaaio

192 1747 324 1804 Caelestis
348 1746 418 1802 vitae
444 1763 566 1801 munere
590 1744 728 1820 vegetati,
756 1763 933 1818 quaesumus,
959 1744 1104 1802 Domine:
1132 1751 1167 1802 ut
1191 1747 1270 1821 quod
1294 1753 1339 1805 est

130 1828 217 1885 nobis
237 1829 270 1884 in
290 1826 430 1904 praesenti
451 1826 516 1882 vita
536 1825 718 1900 mysterium,
741 1824 795 1881 fiat
815 1825 992 1882 aeternitatis
1012 1826 1164 1884 auxilium.
1209 1827 1267 1884 Per
1280 1828 1339 1886 Do-

132 1929 256 1966 minum.

192 1990 290 2065 Super
303 1988 460 2064 Populum.

136 2133 138 2140 ,
193 2071 351 2141 Conserva,
368 2069 505 2138 Domine,
521 2066 664 2124 familiam
685 2073 768 2146 tuam
788 2067 874 2124 bonis
895 2085 1008 2143 semper
1024 2068 1161 2144 operibus
1174 2070 1320 2127 eruditam
1329 2090 1339 2142 3

131 2159 167 2209 ut
191 2153 269 2208 sicut
292 2151 485 2227 praesentibus
509 2148 668 2206 consolaris
687 2148 818 2223 jejuniis,
841 2148 885 2205 ita
906 2167 970 2205 eam
992 2149 1030 2206 ad
1051 2168 1178 2225 superna
1197 2150 1339 2228 perducas

130 2233 253 2310 praemia
266 2232 419 2309 propitius
463 2230 522 2287 Per
536 2228 707 2286 Dominum.

450 2415 611 2472 Dourrroa
632 2413 737 2470 Pruna
759 2414 1021 2481 Quannaensrun.

193 2549 243 2606 Aa
257 2548 391 2605 Missam.
436 2546 576 2620 Officium.

194 2629 352 2686 Invooavit
366 2647 413 2684 me
427 2634 457 2684 et
470 2647 523 2703 ego
536 2626 694 2683 exaudiam
708 2645 775 2682 eum
785 2645 794 2698 3
815 2625 937 2702 eripiam
949 2645 1017 2683 eum
1028 2631 1059 2684 et
1071 2626 1239 2704 glorificabo
1253 2649 1339 2687 eum:

129 2710 319 2787 longitudine
333 2709 449 2766 dierum
463 2706 629 2783 adimplebo
643 2726 718 2764 eum.

193 2791 340 2849 Panlmua

153 2954 159 2965 .
193 2872 254 2941 Qui
268 2871 385 2928 habitat
397 2871 431 2926 in
444 2869 592 2946 adjutorio
601 2867 769 2940 Altissimi:
790 2868 823 2924 in
836 2868 1021 2944 protectione
1032 2869 1092 2927 Dei
1106 2871 1170 2927 oaeli
1183 2891 1339 2930 commora-

130 2955 305 3092 bitudratio.

194 3115 286 3186 Deus,
301 3113 354 3189 qui
375 3111 525 3170 ecelesiam
543 3119 626 3169 tuam
641 3130 740 3167 annua
754 3110 1002 3187 quadragesimali
1015 3112 1217 3171 observatione
1237 3115 1338 3191 purifi-

131 3215 199 3253 cas:
220 3201 327 3271 praesta
347 3194 466 3251 familiae
487 3200 555 3262 tuae,
569 3199 605 3249 ut
625 3192 704 3268 quod
718 3212 736 3249 a
751 3197 782 3248 te
804 3191 936 3249 obtinere
956 3192 1131 3250 abstinendo
1151 3194 1269 3269 nititur,
1284 3196 1339 3254 hoc

132 3276 220 3333 bonis
234 3275 371 3351 operibus
385 3279 570 3350 exaequatur.
615 3272 673 3329 Per
687 3272 858 3330 Dominum.

195 3356 336 3432 Epistola.
379 3354 429 3412 Ad
444 3353 610 3413 Corinthios
629 3352 665 3430 (2
687 3354 723 3410 oi.
743 3353 836 3430 1-10).

196 3438 334 3495 Fratres:
349 3436 517 3493 Hortamur
530 3455 581 3492 vos
594 3454 632 3491 ne
646 3435 679 3491 in
692 3453 819 3490 vacuum
833 3433 959 3510 gratiam
973 3434 1031 3492 Dei
1041 3435 1188 3512 recipiatis
1198 3456 1288 3511 nsque
1298 3439 1339 3495 od

139 3517 369 3657 tanqpaarqaqqhil
382 3517 532 3590 habentes,
546 3521 577 3573 et
590 3515 690 3573 omnia
702 3514 892 3591 possidentes.

148 3760 186 3814 u.
200 3621 398 3756 Abgelis’suis
412 3677 494 3735 Deus
507 3676 662 3734 mandavit
675 3675 711 3734 de
725 3682 773 3734 te:
794 3683 829 3733 ut
851 3677 1019 3735 custodiant
1037 3683 1068 3736 te
1086 3679 1118 3735 in
1133 3679 1268 3738 omnibus
1282 3680 1339 3739 viis

155 3779 238 3972 {pah
259 3841 394 3898 manibus
414 3840 577 3916 portabunt
596 3844 645 3896 te:
669 3857 707 3896 ne
728 3857 861 3915 unquam
881 3838 1010 3896 offendas
1030 3838 1068 3896 ad
1088 3839 1215 3916 lapidem
1234 3842 1338 3918 pedem

166 3938 331 4060 unibertus.

163 4081 395 4221 mogplituiqabitat
414 4081 448 4138 in
472 4081 620 4158 adjutorio
640 4080 810 4142 Altiasimi:
837 4080 870 4138 in
893 4082 1074 4158 protectione
1095 4082 1154 4140 Dei
1177 4085 1241 4141 oaeli
1263 4105 1339 4144 eom·

96 4234 98 4271 ἶ
169 4234 189 4292 V.
208 4240 288 4302 Dicet
303 4208 458 4302 Domino:
489 4243 647 4320 Susceptor
666 4262 749 4301 meus
768 4262 798 4300 es
818 4249 862 4317 tu,
884 4249 914 4301 et
935 4243 1082 4321 refugium
1106 4265 1224 4305 meum:
1258 4246 1340 4305 Deus

106 4392 107 4395 Ἴ
167 4330 235 4393 meua,
248 4326 366 4401 sperabo
378 4325 412 4381 in
425 4344 500 4382 eum.

107 4407 108 4451 j
172 4392 193 4451 l⁷·
212 4401 348 4472 Quoniam
361 4406 422 4482 ipse
436 4405 575 4463 liberavit
588 4426 635 4464 me
648 4405 685 4463 de
698 4406 802 4482 laqueo
816 4407 989 4464 venantium
1003 4428 1009 4464 z
1030 4413 1061 4465 et
1074 4428 1092 4465 a
1104 4409 1195 4467 verbo
1209 4429 1318 4486 aspero.

113 4520 114 4523 =
174 4471 194 4532 l'·
213 4481 333 4564 Scapulis
346 4487 407 4546 auis
420 4487 610 4546 obumbrabit
623 4486 697 4545 tibi:
720 4494 751 4544 et
764 4489 819 4545 sub
832 4488 937 4564 pennis
951 4489 1014 4564 ejus
1028 4489 1163 4566 sperabis.
