2926 4996
616 404 704 497 Ordo
726 404 849 472 Missa.
878 452 880 457 >
1272 412 1335 476 169

192 572 209 604 ⁴*
221 574 260 633 Ut
270 575 384 633 eadem
393 572 532 631 tabentia
544 581 571 630 et
578 571 670 648 plena
683 573 814 648 capnitio,
824 573 948 649 qualiter
960 575 1104 634 cratinaes
1116 595 1190 652 qum
1199 575 1338 637 Oailectas

129 675 267 716 coeamus
289 654 478 714 termirmndoe
499 660 569 711 sant
576 675 589 723 ;
612 653 712 729 primo
728 657 892 713 natartdmn
904 665 951 728 est,
967 656 1046 731 quod
1065 657 1099 714 in
1112 659 1152 716 eis
1165 659 1340 734 quandoque

130 739 274 813 diripitur
286 756 377 795 sermo
390 736 431 794 ad
439 735 567 807 Patrem,
579 735 752 810 quartaeque
766 736 807 793 ad
814 735 938 809 Filium,
953 739 1126 813 quandoque
1138 739 1181 797 ad
1191 737 1339 815 Spiritum

130 818 281 889 Sanctcnn,
293 817 465 893 quandoque
478 815 520 873 ad
532 824 622 873 totam
634 815 815 874 Trinitatem.
846 816 905 876 Sed
916 818 1033 893 quando
1044 819 1086 876 aei
1093 819 1220 892 Patrem,
1231 820 1338 878 iterum

130 898 375 959 considerandum
399 906 446 969 est,
470 906 573 954 utrum
599 897 644 954 ita
670 897 818 972 diripatnsr
844 918 935 957 sermo
962 901 1003 957 ad
1023 900 1150 972 Patrem,
1180 902 1258 976 quod
1276 904 1338 976 βαι

130 981 238 1040 mentio
258 981 293 1039 de
311 979 389 1037 Filio
407 988 432 1036 et
453 977 570 1053 Spiritu
591 976 705 1049 Sancto,
727 976 772 1035 nel
791 998 870 1038 non:
900 988 927 1037 et
948 981 975 1037 si
995 980 1030 1038 in
1052 980 1195 1052 Oratione,
1211 1001 1275 1056 quoe
1295 983 1337 1039 ad

130 1063 254 1120 Patrem
266 1061 414 1136 diripitm,
426 1062 486 1134 βοι
499 1056 605 1117 nuntio
619 1060 654 1116 de
668 1060 698 1117 F
696 1058 756 1130 iiio,
771 1058 857 1134 refert
871 1080 913 1118 an
923 1059 985 1135 βαι
998 1069 1064 1119 ante
1077 1061 1201 1136 finalem
1209 1069 1334 1138 partem,

131 1164 173 1201 an
186 1142 297 1218 inipso
310 1145 396 1216 fine,·
419 1149 445 1199 et
465 1141 623 1199 secundnm
644 1139 698 1198 lias
715 1140 893 1198 diversitates
905 1142 1070 1200 variabitur
1082 1141 1166 1217 finis.
1218 1142 1254 1201 Si
1271 1163 1336 1202 uero

131 1224 275 1299 dim'pitur
287 1242 377 1280 senna
391 1222 433 1279 aei
454 1222 573 1279 Patrem
594 1221 700 1296 absque
716 1221 858 1279 nantum
875 1222 952 1278 Filii
972 1231 997 1280 et
1018 1222 1148 1298 Spiritus
1169 1222 1280 1296 Sancti,
1295 1225 1337 1283 sic

123 1305 271 1379 finietur:
296 1303 356 1361 Per
377 1303 541 1360 Dominum
562 1307 699 1359 nostrum
718 1302 740 1360 J
742 1321 824 1359 esum
847 1302 999 1360 Christum
1021 1303 1132 1362 Filium
1157 1309 1253 1377 tuum,
1283 1305 1337 1383 qui

129 1393 229 1443 tecum
240 1384 317 1442 vivit
331 1389 362 1442 et
375 1391 489 1461 regnat,
500 1384 533 1440 in
552 1383 669 1440 unitate
688 1382 816 1459 Spiritus
830 1383 933 1441 Sancti
954 1385 1036 1442 Deus
1049 1403 1102 1460 per
1115 1386 1214 1442 omnia
1227 1386 1335 1444 saecula

130 1466 305 1525 saeculorum
315 1484 324 1537 3
344 1473 379 1522 ut
400 1464 453 1535 tu,
468 1465 550 1522 Deus
564 1464 617 1540 qui
637 1463 713 1521 miro
735 1463 837 1521 ordine
858 1463 1044 1541 Angelorum
1058 1466 1114 1524 siue
1137 1467 1269 1525 Concede
1282 1486 1337 1529 nos

130 1547 265 1606 famulos.
319 1546 356 1605 Si
375 1566 440 1604 nero
462 1545 497 1603 de
518 1544 635 1620 Spiritu
655 1543 761 1603 Sancto
780 1548 839 1619 βαι
860 1546 974 1618 mentio,
997 1545 1127 1604 dicetm:
1154 1547 1194 1605 In
1218 1547 1336 1606 unitate

131 1629 263 1706 jusdem
278 1627 406 1704 Spiritus
417 1626 518 1684 Sancti
531 1627 628 1698 Deus,
648 1634 682 1682 ut
695 1624 742 1683 ιιι
755 1624 837 1682 Deus
851 1645 903 1702 qur
894 1626 1004 1685 corda
1013 1626 1153 1685 fidelium
1197 1627 1282 1686 Ure
1272 1629 1336 1706 1gni

132 1651 236 1768 Sancti
257 1708 386 1785 Spiritus
405 1727 497 1765 renes,
538 1706 574 1765 Si
594 1726 657 1764 nera
678 1708 713 1765 de
725 1706 789 1764 Fit
777 1727 805 1764 ιο
814 1710 874 1780 βαι
887 1716 965 1765 ment
965 1708 993 1765 1ο
1006 1716 1073 1766 αιιιο
1079 1709 1203 1783 finalem
1210 1719 1335 1785 partem,

132 1792 267 1850 dr'eetur:
295 1790 354 1847 Per
370 1788 496 1847 eundem
516 1783 680 1845 Dominum
700 1792 834 1845 nostrum
854 1786 877 1845 J
878 1807 960 1846 esum
979 1788 1131 1847 Christum
1150 1789 1279 1864 Filium,
1302 1799 1337 1848 ut

132 1872 186 1945 iric,
201 1872 287 1929 Deus
300 1871 352 1947 qui
369 1870 406 1927 de
424 1871 519 1927 beatae
533 1867 638 1925 Mariae
651 1867 795 1945 Virginis.
845 1869 967 1946 Largire
986 1871 1080 1942 nobis,
1103 1835 1334 1929 clementissime.

132 1953 166 2012 Si
178 1972 246 2011 uero
258 1972 294 2009 in
299 1955 362 2026 fine
377 1948 433 2031 [nei
445 1971 521 2008 circa
527 1948 727 2024 finem—MS
738 1946 781 2029 D]
788 1953 848 2043 βαι
861 1951 967 2008 menti>
980 1950 1257 2023 deramatam:
1277 1952 1337 2022 Qui

131 2040 231 2092 tecum
244 2033 323 2090 vivit
336 2038 366 2089 et
360 2036 503 2126 ,13181111
523 2040 557 2087 ut
572 2038 664 2105 potest
685 2029 813 2088 mderi'
799 2050 834 2087 ιιι
851 2030 988 2089 Oratione
1005 2031 1040 2089 de
1059 2041 1158 2091 sancto
1181 2032 1262 2109 Stepl
1258 2051 1334 2104 tanc,

133 2135 176 2190 οιι3
179 2135 215 2172 us
220 2113 298 2189 finis
312 2113 355 2170 tal
353 2113 380 2170 is
393 2112 607 2183 est,Qu1novit
620 2111 709 2168 ctiam
724 2130 778 2187 pro
791 2113 1026 2187 persecutoribus
1037 2132 1158 2171 exorare
1172 2114 1335 2171 Dominum

132 2202 268 2253 nostrum
283 2195 304 2252 J
306 2214 387 2251 esum
409 2193 561 2251 Christum
581 2192 693 2249 Filium
712 2198 807 2264 tuum,
832 2192 891 2262 Qui
910 2200 1008 2251 tecum
1027 2194 1105 2251 vivit
1125 2200 1155 2252 et
1175 2199 1287 2270 regnat,
1310 2201 1336 2252 et

132 2285 230 2335 cetera.
259 2274 335 2333 Item
348 2275 402 2339 tin
414 2273 549 2333 Oratiom
560 2273 642 2330 Deus
655 2273 708 2349 qui
721 2272 824 2330 salutis
838 2277 984 2338 asternunt
1016 2274 1053 2334 Si
1066 2283 1162 2333 autem
1172 2275 1336 2333 adnutat

131 2358 282 2432 diripatnn·
303 2356 404 2415 Oratio
424 2355 486 2412 sine
507 2354 647 2412 numam
665 2353 796 2429 Spiritus
814 2353 924 2427 Sancti,
946 2363 979 2412 nt
1000 2356 1055 2428 ta,
1078 2356 1187 2414 Excita
1207 2356 1335 2414 Domine

130 2437 298 2516 potentiam
318 2443 403 2494 tuam
427 2442 458 2494 et
477 2436 554 2507 veni,
574 2443 600 2492 οι
620 2434 755 2493 similiter
777 2435 812 2492 in
838 2435 907 2493 aliis
935 2434 1122 2495 Orationibus
1142 2437 1176 2495 ek
1199 2437 1336 2495 Adventu

131 2517 265 2591 Domini,
295 2519 426 2576 dicetur:
452 2516 514 2586 Qui
539 2516 617 2573 rivis
644 2521 674 2573 et
701 2535 806 2592 regnas
833 2535 901 2573 cum
921 2517 986 2574 Deo
1006 2518 1104 2576 Patre.
1156 2517 1196 2575 In
1218 2518 1336 2576 unitate

132 2601 264 2678 Spiritus
280 2598 381 2657 Sancti
400 2599 490 2656 Deus.
533 2596 590 2674 ‡Si
602 2599 662 2672 βαι
682 2596 787 2654 mentio
801 2595 836 2654 de
855 2596 973 2672 Spiritu
992 2597 1107 2670 Sancta,
1123 2599 1254 2658 dicetur:
1275 2598 1335 2668 Qui

132 2702 201 2740 cum
222 2681 313 2738 Patre
333 2686 364 2738 et
383 2680 485 2737 eodem
503 2677 617 2755 Spiritu
635 2677 743 2735 Sancto
763 2678 841 2735 vivis
862 2685 892 2736 et
912 2698 1025 2757 regnas,
1048 2689 1074 2738 et
1094 2681 1211 2757 ceterass
1259 2679 1335 2738 Item

134 2762 286 2821 Oratmnes
311 2762 353 2820 ad
378 2761 506 2833 Patrem,
534 2759 569 2816 in
595 2758 701 2834 quibus
721 2759 894 2817 nuntiarum
911 2759 946 2818 de
966 2759 1110 2819 Prinitate
1128 2761 1270 2836 facimus,
1295 2761 1337 2819 sic

132 2843 351 2902 conandimus:
377 2842 418 2898 In
438 2861 497 2917 qua
516 2839 593 2897 vivis
614 2845 644 2897 et
664 2858 770 2934 regnas
791 2840 894 2915 Deus3
914 2841 988 2899 ciart
1004 2841 1039 2899 in
1058 2842 1119 2899 iliis
1138 2841 1334 2914 Orationibus,

133 2925 330 3001 Omnipotens
363 2924 469 2999 sempit
471 2941 540 2979 erne
567 2920 649 2978 Deus
679 2921 732 2997 qui
765 2921 872 2979 dedisti
902 2922 994 2980 nobis
1055 2922 1204 3016 Populum
1238 2927 1333 2995 tuum,

132 3006 270 3064 Domine
319 3003 462 3062 Illast
409 3012 462 3060 aut
463 3022 507 3060 em
520 3021 594 3077 quas
611 3001 768 3078 adipeam
783 3002 958 3061 Trinitatem
971 3003 1171 3079 diripimus
1144 3025 1185 3062 su
1198 3004 1334 3084 finimus,

133 3087 236 3157 Qui·
205 3086 284 3144 vivis
297 3091 328 3142 et
341 3104 445 3162 regnas
458 3084 555 3142 Deus'
546 3127 556 3156 ,
575 3090 609 3140 ut
618 3082 672 3156 1ιο,
683 3083 804 3141 Placeat
815 3083 873 3141 tibi
886 3083 994 3142 Sancta
1008 3084 1139 3142 Trinitas
1152 3080 1333 3161 obsequium.

192 3165 361 3226 Secundum
382 3174 480 3224 autem
500 3164 667 3223 Romanam
688 3163 832 3222 eccksiam
853 3164 968 3222 nuliam
993 3163 1160 3224 Orationem
1184 3185 1250 3224 cum
1277 3165 1336 3223 Per

131 3269 201 3307 eum
215 3249 267 3325 qui
280 3253 423 3304 venturus
437 3251 482 3303 est
492 3245 627 3322 judicare
641 3245 847 3320 concludimus,
862 3246 923 3303 nisi
917 3246 1053 3321 quando
1060 3249 1100 3320 fit
1116 3246 1289 3304 enorcismus
1302 3246 1336 3303 in

131 3351 188 3406 quo
210 3329 359 3387 diabolum
374 3347 429 3403 per
449 3327 585 3384 diuinum
597 3325 748 3401 judicium
760 3335 794 3383 ut
812 3347 831 3384 a
852 3335 986 3384 creatura
1003 3326 1062 3384 Dei
1082 3327 1194 3384 recedat
1217 3327 1336 3384 οαοιοιι-

130 3431 224 3469 amus
261 3409 369 3467 Nam
357 3429 391 3466 ιιι
404 3408 472 3466 aliis
487 3406 559 3465 Orat
560 3407 682 3479 ionibus,
697 3426 771 3482 quas
791 3428 857 3465 cum
871 3407 931 3464 Per
943 3406 1107 3465 Dominum
1128 3407 1335 3479 concludimus,

129 3494 190 3550 Pat
180 3501 253 3549 trem
265 3499 300 3548 ιιι
307 3509 362 3567 per
375 3509 501 3547 amorem
514 3487 590 3545 Filii
603 3452 684 3546 nocti
697 3488 845 3546 subveniat
834 3488 1060 3582 timpiorarnus.
1102 3487 1144 3546 In
1157 3487 1336 3546 Enarcismis

129 3583 230 3632 autem
257 3571 404 3630 diabolann
425 3590 481 3646 per
506 3569 564 3627 Dei
587 3569 745 3662 judicium,
770 3579 805 3626 ut
831 3569 1014 3644 aufnpiat,
1001 3589 1192 3645 increpamus,
1217 3569 1252 3627 in
1278 3587 1335 3644 quo

123 3654 242 3731 judicio
266 3652 319 3710 scit
342 3672 369 3710 se
390 3650 523 3710 diabotus
544 3649 742 3735 potentissime
769 3651 981 3723 damnandnm,
1003 3650 1089 3768 pujns
1110 3649 1210 3709 timore
1222 3649 1336 3727 judicii

131 3735 303 3795 concutitur.
349 3730 450 3813 [Unde
469 3751 575 3804 cernas,

190 3833 253 3892 Per
266 3830 430 3889 Dominum
443 3829 531 3901 dicas,
547 3848 613 3886 cum
626 3828 746 3886 Patrem
759 3828 911 3904 Presbyter
924 3849 1011 3900 oras,·

190 3925 347 4002 Principia
360 3924 475 3981 Natmn
487 3941 657 3993 memorans,
665 3924 758 3995 finem
772 3920 831 3980 Per
851 3921 984 3979 eundem.

190 4023 228 4083 Si
241 4024 319 4082 cirea
324 4025 425 4097 finem,
442 4019 502 4091 Qui
514 4026 613 4076 tecum
626 4017 718 4077 dicere
733 4019 818 4078 debes.

193 4112 269 4184 Cum
283 4121 400 4182 Christo
414 4118 546 4194 loqueris,
563 4116 623 4187 Qui
635 4117 712 4175 vivis
726 4137 793 4176 cum
807 4118 898 4176 Patre
912 4118 993 4177 dicis.

191 4268 274 4314 ¹.MS
286 4267 308 4312 Ε
324 4268 414 4336 omitst
404 4266 452 4312 this
462 4263 546 4310 rubrio
555 4262 603 4308 and
612 4276 671 4321 goes
681 4277 713 4309 on
722 4264 784 4309 Dum
794 4264 847 4324 lepit
848 4278 875 4310 nr
884 4264 975 4323 Epistol
952 4278 990 4309 aa
992 4264 1055 4322 ,.,etc
1064 4278 1124 4323 p.
1099 4264 1127 4308 17
1129 4264 1149 4309 0.

221 4328 275 4373 MS
287 4327 317 4372 D.
319 4327 374 4372 -in
385 4324 492 4372 Oratione
504 4323 660 4393 Omnipotens
671 4323 815 4381 sempiterne
826 4324 900 4382 Deus,
913 4324 990 4380 dirige
1000 4327 1075 4371 actus

190 4330 205 4448 i
215 4388 242 4433 Si
257 4385 372 4457 ciiripatur
384 4384 464 4431 Oratio
479 4383 511 4428 ad
519 4383 567 4429 Fit
550 4384 605 4429 tram
619 4395 668 4427 cum
682 4382 791 4428 mentione
800 4360 900 4441 Spiritui
908 4383 990 4430 Sancti
999 4381 1092 4438 dicetur,
1103 4380 1152 4434 aui
1161 4393 1216 4425 cum
1226 4379 1299 4426 Patre
1308 4383 1333 4426 et

132 4447 214 4492 eodem
230 4447 325 4504 Spiritu
341 4445 414 4490 Sanct
404 4448 428 4490 to
438 4443 504 4489 vivis
519 4445 544 4488 et
559 4453 646 4499 regnas
661 4440 728 4487 Deus
743 4455 786 4499 per
801 4442 887 4500 omnia,
899 4447 921 4487 et
935 4447 1023 4496 cetera‚·
1038 4446 1147 4511 utpotest
1152 4438 1244 4484 1111111Ι
1235 4454 1260 4484 ιιι
1272 4438 1332 4485 Ora-

133 4461 272 4566 1111111311
289 4506 402 4553 Cononem
414 4503 494 4549 nasa
507 4501 591 4549 ιοιιιοοι
606 4499 709 4547 Domine
722 4501 782 4547 Jesu
797 4479 893 4548 Christe
908 4500 956 4546 Fili
971 4475 1021 4546 Dei
1028 4499 1089 4560 1111,
1106 4499 1149 4559 qui
1163 4511 1195 4544 cx
1208 4498 1332 4545 voluntate

135 4565 219 4626 Patris,
232 4571 254 4612 οι
263 4570 345 4611 cetera.
346 4562 430 4609 -MS
441 4562 471 4609 D.
