2926 4996
139 342 180 405 56
310 338 412 425 Ferio
425 337 467 404 oi.
487 337 653 419 Quattuor
668 339 872 424 [temporum
889 339 1167 426 Quadrupesimoe.

199 505 340 582 Epistola.
382 506 477 564 Lectio
491 505 647 564 Ezechielis
659 506 811 582 Proplcetoe
831 507 929 583 (ccciii.
948 507 994 565 1-9
996 505 1020 585 )

199 587 239 644 In
259 588 363 645 diebus
383 587 451 660 illis,
467 588 575 644 Factus
596 594 641 644 est
660 607 756 644 sermo
776 587 901 644 Domini
923 587 961 644 ad
981 607 1036 659 me,
1058 587 1159 646 dicens
1168 608 1178 662 3
1201 589 1274 664 quid
1297 596 1339 647 est

138 667 217 744 quod
236 668 315 726 inter
335 688 387 725 vos
407 668 483 726 hano
503 669 672 745 parabolam
692 669 810 726 vertitis
830 668 863 725 in
882 668 1072 744 proverbium
1092 670 1181 726 'istud
1201 670 1236 726 in
1262 675 1339 728 terra

138 747 231 806 Israel
244 770 335 824 aeque
348 751 389 807 od
408 749 457 806 hio
472 751 573 825 justus
587 755 639 822 est,
655 755 686 806 et
699 749 763 807 vita
776 749 867 823 vivet,
883 749 927 807 ait
941 750 1089 807 Dominus
1102 752 1297 827 omnipotens.

200 829 334 888 Grodole.
567 878 570 884 .

199 910 322 969 Custodi
342 931 396 983 me,
411 911 547 982 Domine,
561 917 598 968 ut
617 910 762 988 pupillam
783 910 877 968 oculi:
899 912 954 968 sub
969 912 1074 968 umbra
1087 911 1203 969 alarum
1221 917 1336 971 tuarum

157 997 221 1049 rote
241 1011 324 1049 eme.

136 1011 172 1129 Ill.
198 1011 245 1130 lie
255 1073 342 1130 vultu
355 1079 408 1129 tuo
418 1073 566 1149 judicium
579 1091 679 1129 meum
693 1074 834 1149 prodeat:
856 1073 934 1131 oculi
947 1073 995 1131 tui
1008 1073 1129 1132 rideant
1144 1075 1323 1150 aequitatem.

196 1153 364 1211 Secundum
376 1153 543 1216 Jolroreuenc
563 1153 641 1230 (eiii.
659 1154 773 1231 31-47).

196 1234 236 1292 In
249 1235 302 1292 illo
315 1240 456 1310 tempore,
472 1235 599 1292 Dicebat
608 1235 630 1291 J
632 1253 698 1291 esus
711 1234 749 1291 ad
762 1254 820 1304 eoS,
835 1235 889 1312 qui
902 1234 1089 1293 crediderunt
1103 1236 1139 1308 ei,
1156 1256 1194 1294 ex
1208 1237 1231 1295 J
1232 1237 1337 1308 udaeis,

136 1313 169 1371 Si
183 1335 235 1372 vos
255 1315 422 1373 manseritis
441 1316 475 1372 in
494 1335 627 1373 sermone
648 1335 713 1373 meo
734 1337 824 1391 aeque
845 1318 885 1374 od
904 1316 964 1386 Qui
977 1325 1023 1374 est
1036 1337 1073 1374 ex
1088 1317 1163 1391 Deo,
1178 1318 1271 1376 verba
1283 1318 1337 1376 Dei

136 1396 228 1454 audit.

200 1474 393 1550 Offertoriam.

195 1557 341 1615 Immittit
358 1557 479 1634 angelus
493 1557 617 1615 Domini
637 1559 669 1615 in
683 1557 809 1616 circuitu
827 1557 1000 1617 timentium
1014 1579 1091 1633 eum,
1107 1566 1137 1617 et
1152 1559 1260 1637 eripiet
1273 1580 1336 1619 eos:

136 1644 253 1714 gustate
266 1645 297 1696 et
310 1638 409 1696 videte
423 1640 562 1715 quoniam
576 1641 675 1697 suavis
690 1646 734 1697 est
748 1640 903 1699 Dominus.

193 1719 314 1778 demeto.

194 1799 334 1874 Concede,
357 1820 532 1877 quaesumus,
555 1801 741 1878 omnipotens
768 1802 860 1873 Deus,
889 1807 925 1859 ut
951 1801 1041 1877 hujus
1068 1803 1205 1862 sacrificii
1233 1823 1336 1861 munus

133 1881 266 1939 oblatum
284 1882 476 1959 fragilitatem
496 1888 629 1939 nostram
648 1883 686 1939 ab
705 1883 787 1939 omni
806 1882 886 1940 malo
906 1890 1013 1961 purget
1030 1903 1144 1961 semper
1162 1891 1194 1942 et
1213 1884 1335 1943 muniat.

134 1962 192 2021 Per
205 1963 375 2021 Dominum.
815 1996 817 2000 ⁴

195 2043 377 2103 Commutato.

193 2125 283 2183 Panis
297 2145 386 2201 quem
400 2145 453 2202 ego
467 2125 591 2182 dedero:
612 2144 678 2182 caro
693 2145 759 2183 mea
772 2131 817 2184 est
830 2145 884 2202 pro
898 2125 998 2184 saeculi
1011 2127 1082 2184 vita.

192 2206 433 2266 Postcommcmio.
921 2242 923 2245 ·

192 2286 324 2345 Tuorum
347 2307 410 2360 nos,
436 2286 573 2359 Domine,
598 2286 737 2363 largita-te
761 2287 915 2361 donorum,
941 2295 973 2346 et
995 2289 1211 2366 temporalibus
1234 2290 1335 2349 attolle

130 2367 281 2443 praesidiis,
297 2373 328 2425 et
341 2388 451 2426 renova
465 2368 659 2445 sempiternis.
702 2368 761 2426 Per
774 2369 947 2428 Dominum.

190 2448 286 2524 Super
299 2449 455 2524 Populares.

190 2530 313 2601 Averte,
342 2549 519 2604 quaesumus‚
546 2529 681 2597 Domine,
713 2529 789 2586 iram
815 2535 901 2588 tuam
932 2531 1111 2608 propitiatus
1138 2553 1157 2590 a
1183 2533 1278 2606 nobis,
1306 2539 1335 2590 et

129 2609 259 2667 facinora
282 2617 383 2668 nostra
406 2611 514 2686 quibus
537 2610 773 2687 indignationem
794 2618 878 2669 tuam
898 2632 1092 2689 provocamus
1112 2615 1237 2691 expelle.
1280 2615 1335 2672 Per

131 2691 302 2748 Dominum.

422 2834 522 2892 Fusus
542 2835 643 2893 Snurs
665 2818 834 2906 Quamuon
854 2836 1038 2899 Taurorum.

190 2975 240 3033 Ad
253 2975 385 3032 Missum.
431 2972 570 3048 Officium.

191 3058 238 3115 De
251 3055 476 3114 necessitatibus
496 3057 570 3113 meis
590 3054 669 3132 eripe
690 3075 746 3130 me,
762 3056 909 3128 Domine3
930 3056 998 3115 vide
1018 3057 1221 3116 humilitatem
1240 3077 1334 3118 meam

129 3145 160 3198 et
173 3138 303 3197 laborem
316 3157 417 3194 meum
428 3152 444 3195 :'
456 3144 486 3194 et
500 3137 618 3195 dimitte
632 3138 732 3194 omnia
745 3143 864 3213 peccata
879 3157 950 3196 mea.

190 3220 335 3278 Prolatus.

189 3301 241 3360 Ad
255 3307 293 3373 te,
310 3296 448 3373 Domine,
463 3300 560 3358 levavi
573 3300 703 3357 animam
717 3319 831 3357 meam:
852 3301 934 3358 Deus
948 3320 1031 3358 meus
1044 3299 1078 3356 in
1091 3307 1122 3358 te
1136 3301 1261 3376 confido,
1277 3321 1335 3361 non

130 3383 306 3442 erubescam.

192 3464 302 3523 Oratio

190 3546 271 3616 Esto,
286 3545 424 3617 Domine,
438 3543 583 3620 propitius
604 3542 682 3619 plebi
703 3549 772 3615 tuae,
787 3549 818 3600 et
839 3563 927 3619 quam
948 3542 1005 3600 tibi
1022 3543 1094 3600 lacis
1113 3563 1175 3620 esse
1189 3545 1335 3620 devotam,

129 3628 257 3705 benigno
277 3626 377 3685 refove
397 3627 553 3682 miseratus
573 3624 695 3681 auxilio.
747 3625 806 3681 Per
828 3624 999 3682 Dominum.
1077 3627 1080 3633 '

190 3725 285 3782 lectio
298 3723 455 3781 Ezechielis
467 3721 618 3797 Proplcetce
639 3720 737 3798 (auiii.
755 3721 870 3798 20-28).

191 3806 266 3862 Haeo
287 3804 359 3861 dicit
380 3804 527 3862 Dominus
548 3803 648 3859 Deus:
668 3803 790 3873 Anima,
807 3822 872 3877 quae
893 3803 1068 3878 peccaverit,
1090 3802 1155 3878 ipsa
1174 3805 1335 3882 morietur:

131 3906 221 3963 resque
235 3886 275 3942 od
289 3885 351 3942 vita
365 3885 447 3942 vivet
461 3889 491 3941 et
504 3903 566 3941 non
578 3883 729 3956 morietur,
746 3883 818 3940 dicit
833 3884 980 3941 Dominus
994 3884 1189 3960 omnipotens.

192 3965 373 4105 gaug-fae
387 4065 504 4103 servum
518 4051 623 4103 tuum:
644 4045 726 4102 Deus
740 4064 830 4118 meus,
847 4052 1014 4122 sperantem
1026 4046 1111 4104 inte

138 4131 166 4188 V.
192 4127 327 4185 Auribus
340 4128 466 4203 percipe,
481 4128 617 4199 Domine,
632 4126 797 4184 orationem
812 4146 914 4184 meam

191 4221 359 4280 Secundum
373 4220 537 4280 Jotoaaem
557 4221 598 4297 (v.
618 4220 710 4298 l-l5).

192 4303 233 4360 In
245 4300 297 4358 illo
310 4307 452 4377 tempore,
466 4301 541 4358 Erat
554 4302 616 4359 dies
628 4303 723 4359 festus
736 4302 759 4360 J
759 4302 920 4373 udaeorum,
935 4307 965 4359 et
978 4302 1111 4359 ascendit
1124 4302 1147 4360 J
1148 4322 1213 4360 esus
1228 4305 1333 4362 Hiero-

132 4384 274 4460 solymam
288 4402 377 4456 aeque
392 4383 432 4438 od
446 4383 534 4440 Abiit
547 4384 597 4440 ille
610 4383 707 4456 homo,
723 4389 754 4440 et
766 4383 921 4440 nunciavit
934 4383 956 4442 J
958 4382 1049 4440 udaeis
1062 4384 1133 4459 quia
1146 4383 1168 4442 J
1170 4403 1237 4442 esus
1251 4391 1330 4457 esset,

134 4466 186 4543 qui
198 4465 269 4524 fecit
282 4483 349 4521 eum
363 4482 474 4520 sanum.
