<?xml version="1.0" encoding="UTF-8"?>
<!DOCTYPE html PUBLIC "-//W3C//DTD XHTML 1.0 Transitional//EN"
    "http://www.w3.org/TR/xhtml1/DTD/xhtml1-transitional.dtd">
<html xmlns="http://www.w3.org/1999/xhtml" xml:lang="en" lang="en">
 <head>
  <title>
</title>
<meta http-equiv="Content-Type" content="text/html;charset=utf-8" />
  <meta name='ocr-system' content='tesseract 3.04.00' />
  <meta name='ocr-capabilities' content='ocr_page ocr_carea ocr_par ocr_line ocrx_word'/>
</head>
<body>
  <div class='ocr_page' id='page_1' title='image "./missaleadusumin00churgoog_0251.png"; bbox 0 0 2926 4996; ppageno 0'>
   <div class='ocr_carea' id='block_1_1' title="bbox 137 365 862 430">
    <p class='ocr_par' dir='ltr' id='par_1_1' title="bbox 137 365 862 430">
     <span class='ocr_line' id='line_1_1' title="bbox 137 365 862 430; baseline 0.007 -5"><span class='ocrx_word' id='word_1_1' title='bbox 137 367 199 427; x_wconf 82' lang='lat'><strong><em>198</em></strong></span> <span class='ocrx_word' id='word_1_2' title='bbox 611 365 731 430; x_wconf 75' lang='lat' dir='ltr'><strong><em>Cauou</em></strong></span> <span class='ocrx_word' id='word_1_3' title='bbox 743 366 862 430; x_wconf 63' lang='lat' dir='ltr'><strong><em>Misso.</em></strong></span> 
     </span>
    </p>
   </div>
   <div class='ocr_carea' id='block_1_2' title="bbox 312 531 1028 590">
    <p class='ocr_par' dir='ltr' id='par_1_2' title="bbox 312 531 1028 590">
     <span class='ocr_line' id='line_1_2' title="bbox 312 531 1028 590; baseline 0.006 -4"><span class='ocrx_word' id='word_1_4' title='bbox 312 531 386 587; x_wconf 77' lang='lat' dir='ltr'><strong><em>Eoo.</em></strong></span> <span class='ocrx_word' id='word_1_5' title='bbox 901 531 966 590; x_wconf 88' lang='lat' dir='ltr'><strong><em>MS.</em></strong></span> <span class='ocrx_word' id='word_1_6' title='bbox 990 533 1028 590; x_wconf 92' lang='lat' dir='ltr'><strong><em>D.</em></strong></span> 
     </span>
    </p>
   </div>
   <div class='ocr_carea' id='block_1_3' title="bbox 136 634 1345 956">
    <p class='ocr_par' dir='ltr' id='par_1_3' title="bbox 136 634 1344 715">
     <span class='ocr_line' id='line_1_3' title="bbox 136 634 1344 715; baseline 0.006 -25"><span class='ocrx_word' id='word_1_7' title='bbox 136 634 195 691; x_wconf 82' lang='lat' dir='ltr'><strong><em>Hic</em></strong></span> <span class='ocrx_word' id='word_1_8' title='bbox 226 637 311 692; x_wconf 85' lang='lat' dir='ltr'><strong><em>detur</em></strong></span> <span class='ocrx_word' id='word_1_9' title='bbox 338 637 467 693; x_wconf 86' lang='lat' dir='ltr'><strong><em>osculum</em></strong></span> <span class='ocrx_word' id='word_1_10' title='bbox 495 638 581 711; x_wconf 84' lang='lat' dir='ltr'><strong><em>pacis</em></strong></span> <span class='ocrx_word' id='word_1_11' title='bbox 620 639 891 696; x_wconf 73' lang='lat' dir='ltr'><strong><em>Deiudeoseudeiur</em></strong></span> <span class='ocrx_word' id='word_1_12' title='bbox 906 637 1119 714; x_wconf 65' lang='lat' dir='ltr'><strong><em>corporalium</em></strong></span> <span class='ocrx_word' id='word_1_13' title='bbox 1132 640 1235 696; x_wconf 77' lang='lat' dir='ltr'><strong><em>dextra</em></strong></span> <span class='ocrx_word' id='word_1_14' title='bbox 1244 649 1344 715; x_wconf 78' lang='lat' dir='ltr'><strong><em>parte,</em></strong></span> 
     </span>
    </p>

    <p class='ocr_par' dir='ltr' id='par_1_4' title="bbox 136 717 1345 956">
     <span class='ocr_line' id='line_1_4' title="bbox 136 717 1345 796; baseline 0.005 -24"><span class='ocrx_word' id='word_1_15' title='bbox 136 717 276 776; x_wconf 69' lang='lat' dir='ltr'><strong><em>diceudo:</em></strong></span> <span class='ocrx_word' id='word_1_16' title='bbox 618 728 643 775; x_wconf 85' lang='lat' dir='ltr'><strong><em>et</em></strong></span> <span class='ocrx_word' id='word_1_17' title='bbox 658 728 760 794; x_wconf 82' lang='lat' dir='ltr'><strong><em>postca</em></strong></span> <span class='ocrx_word' id='word_1_18' title='bbox 776 728 883 793; x_wconf 67' lang='lat' dir='ltr'><strong><em>tarraat</em></strong></span> <span class='ocrx_word' id='word_1_19' title='bbox 902 720 1098 778; x_wconf 75' lang='lat' dir='ltr'><strong><em>summitatem</em></strong></span> <span class='ocrx_word' id='word_1_20' title='bbox 1120 719 1231 778; x_wconf 83' lang='lat' dir='ltr'><strong><em>Calicis</em></strong></span> <span class='ocrx_word' id='word_1_21' title='bbox 1258 720 1345 796; x_wconf 81' lang='lat' dir='ltr'><strong><em>iufra</em></strong></span> 
     </span>
     <span class='ocr_line' id='line_1_5' title="bbox 618 799 1345 874; baseline 0.004 -18"><span class='ocrx_word' id='word_1_22' title='bbox 618 821 684 856; x_wconf 88' lang='lat' dir='ltr'><strong><em>cum</em></strong></span> <span class='ocrx_word' id='word_1_23' title='bbox 697 799 813 870; x_wconf 83' lang='lat' dir='ltr'><strong><em>Hostia,</em></strong></span> <span class='ocrx_word' id='word_1_24' title='bbox 832 810 858 858; x_wconf 91' lang='lat' dir='ltr'><strong><em>ct</em></strong></span> <span class='ocrx_word' id='word_1_25' title='bbox 879 809 948 858; x_wconf 86' lang='lat' dir='ltr'><strong><em>tum</em></strong></span> <span class='ocrx_word' id='word_1_26' title='bbox 968 800 1145 859; x_wconf 68' lang='lat' dir='ltr'><strong><em>deosculetur</em></strong></span> <span class='ocrx_word' id='word_1_27' title='bbox 1160 800 1298 874; x_wconf 78' lang='lat' dir='ltr'><strong><em>Calicem,</em></strong></span> <span class='ocrx_word' id='word_1_28' title='bbox 1317 811 1345 859; x_wconf 89' lang='lat' dir='ltr'><strong><em>et</em></strong></span> 
     </span>
     <span class='ocr_line' id='line_1_6' title="bbox 613 881 1056 956; baseline 0.002 -18"><span class='ocrx_word' id='word_1_29' title='bbox 613 890 714 956; x_wconf 81' lang='lat' dir='ltr'><strong><em>postea</em></strong></span> <span class='ocrx_word' id='word_1_30' title='bbox 725 881 901 952; x_wconf 77' lang='lat' dir='ltr'><strong><em>Diacaium,</em></strong></span> <span class='ocrx_word' id='word_1_31' title='bbox 917 891 943 939; x_wconf 92' lang='lat' dir='ltr'><strong><em>et</em></strong></span> <span class='ocrx_word' id='word_1_32' title='bbox 956 882 1036 939; x_wconf 89' lang='lat' dir='ltr'><strong><em>dicat</em></strong></span> <span class='ocrx_word' id='word_1_33' title='bbox 1046 906 1056 940; x_wconf 78' lang='lat'><strong><em>.-</em></strong></span> 
     </span>
    </p>
   </div>
   <div class='ocr_carea' id='block_1_4' title="bbox 195 976 1261 1151">
    <p class='ocr_par' dir='ltr' id='par_1_5' title="bbox 195 976 1261 1151">
     <span class='ocr_line' id='line_1_7' title="bbox 195 976 1261 1056; baseline 0.004 -22"><span class='ocrx_word' id='word_1_34' title='bbox 195 976 334 1034; x_wconf 69' lang='lat' dir='ltr'><strong><em>*Habete</em></strong></span> <span class='ocrx_word' id='word_1_35' title='bbox 356 977 508 1035; x_wconf 82' lang='lat' dir='ltr'><strong><em>vinculum</em></strong></span> <span class='ocrx_word' id='word_1_36' title='bbox 528 978 608 1054; x_wconf 81' lang='lat' dir='ltr'><strong>pacis</strong></span> <span class='ocrx_word' id='word_1_37' title='bbox 628 986 659 1036; x_wconf 86' lang='lat' dir='ltr'><strong><em>et</em></strong></span> <span class='ocrx_word' id='word_1_38' title='bbox 679 980 820 1038; x_wconf 66' lang='lat' dir='ltr'><strong><em>caritatis.</em></strong></span> <span class='ocrx_word' id='word_1_39' title='bbox 842 987 877 1036; x_wconf 83' lang='lat' dir='ltr'><strong><em>ut</em></strong></span> <span class='ocrx_word' id='word_1_40' title='bbox 897 981 961 1056; x_wconf 84' lang='lat' dir='ltr'><strong><em>apti</em></strong></span> <span class='ocrx_word' id='word_1_41' title='bbox 981 980 1047 1036; x_wconf 80' lang='lat' dir='ltr'><strong><em>sitis</em></strong></span> <span class='ocrx_word' id='word_1_42' title='bbox 1066 981 1261 1038; x_wconf 79' lang='lat' dir='ltr'><strong><em>sacrosanctis</em></strong></span> 
     </span>
     <span class='ocr_line' id='line_1_8' title="bbox 496 1075 725 1151; baseline 0.004 -17"><span class='ocrx_word' id='word_1_43' title='bbox 496 1076 646 1151; x_wconf 79' lang='lat' dir='ltr'><strong><em>mysten‘is</em></strong></span> <span class='ocrx_word' id='word_1_44' title='bbox 659 1075 725 1135; x_wconf 81' lang='lat' dir='ltr'><strong><em>Dei.</em></strong></span> 
     </span>
    </p>
   </div>
   <div class='ocr_carea' id='block_1_5' title="bbox 610 1172 1343 1735">
    <p class='ocr_par' dir='ltr' id='par_1_6' title="bbox 610 1172 1343 1735">
     <span class='ocr_line' id='line_1_9' title="bbox 616 1172 1343 1251; baseline 0.007 -22"><span class='ocrx_word' id='word_1_45' title='bbox 616 1172 766 1232; x_wconf 82' lang='lat' dir='ltr'><strong><em>Diacouus</em></strong></span> <span class='ocrx_word' id='word_1_46' title='bbox 781 1198 799 1231; x_wconf 82' lang='lat' dir='ltr'><strong><em>a</em></strong></span> <span class='ocrx_word' id='word_1_47' title='bbox 814 1176 922 1232; x_wconf 75' lang='lat' dir='ltr'><strong><em>destris</em></strong></span> <span class='ocrx_word' id='word_1_48' title='bbox 931 1175 1094 1234; x_wconf 74' lang='lat' dir='ltr'><strong><em>Sacerdotis</em></strong></span> <span class='ocrx_word' id='word_1_49' title='bbox 1103 1195 1206 1251; x_wconf 81' lang='lat' dir='ltr'><strong><em>pacem</em></strong></span> <span class='ocrx_word' id='word_1_50' title='bbox 1219 1175 1343 1251; x_wconf 79' lang='lat' dir='ltr'><strong><em>recipiat</em></strong></span> 
     </span>
     <span class='ocr_line' id='line_1_10' title="bbox 616 1255 1340 1332; baseline 0.004 -21"><span class='ocrx_word' id='word_1_51' title='bbox 616 1255 653 1312; x_wconf 85' lang='lat' dir='ltr'><strong><em>ab</em></strong></span> <span class='ocrx_word' id='word_1_52' title='bbox 666 1276 705 1326; x_wconf 88' lang='lat' dir='ltr'><strong><em>eo,</em></strong></span> <span class='ocrx_word' id='word_1_53' title='bbox 721 1265 747 1313; x_wconf 87' lang='lat' dir='ltr'><strong><em>et</em></strong></span> <span class='ocrx_word' id='word_1_54' title='bbox 760 1256 806 1313; x_wconf 92' lang='lat' dir='ltr'><strong><em>det</em></strong></span> <span class='ocrx_word' id='word_1_55' title='bbox 814 1256 914 1331; x_wconf 73' lang='lat' dir='ltr'><strong><em>priato</em></strong></span> <span class='ocrx_word' id='word_1_56' title='bbox 922 1256 1050 1314; x_wconf 81' lang='lat' dir='ltr'><strong><em>Praiato</em></strong></span> <span class='ocrx_word' id='word_1_57' title='bbox 1060 1257 1087 1314; x_wconf 87' lang='lat' dir='ltr'><strong><em>si</em></strong></span> <span class='ocrx_word' id='word_1_58' title='bbox 1094 1255 1340 1332; x_wconf 79' lang='lat' dir='ltr'><strong><em>praeseussucrit,</em></strong></span> 
     </span>
     <span class='ocr_line' id='line_1_11' title="bbox 616 1335 1341 1413; baseline 0.003 -20"><span class='ocrx_word' id='word_1_59' title='bbox 616 1335 719 1393; x_wconf 82' lang='lat' dir='ltr'><strong><em>deiude</em></strong></span> <span class='ocrx_word' id='word_1_60' title='bbox 736 1336 806 1394; x_wconf 79' lang='lat' dir='ltr'><strong><em>aliis</em></strong></span> <span class='ocrx_word' id='word_1_61' title='bbox 825 1337 970 1395; x_wconf 77' lang='lat' dir='ltr'><strong><em>ministris</em></strong></span> <span class='ocrx_word' id='word_1_62' title='bbox 986 1346 1125 1413; x_wconf 76' lang='lat' dir='ltr'><strong><em>utsupra</em></strong></span> <span class='ocrx_word' id='word_1_63' title='bbox 1137 1347 1261 1395; x_wconf 87' lang='lat' dir='ltr'><strong><em>uotatur</em></strong></span> <span class='ocrx_word' id='word_1_64' title='bbox 1273 1347 1341 1395; x_wconf 82' lang='lat' dir='ltr'><strong><em>aute</em></strong></span> 
     </span>
     <span class='ocr_line' id='line_1_12' title="bbox 617 1416 1341 1494; baseline 0.003 -21"><span class='ocrx_word' id='word_1_65' title='bbox 617 1416 817 1490; x_wconf 83' lang='lat' dir='ltr'><strong><em>Proefatioues.</em></strong></span> <span class='ocrx_word' id='word_1_66' title='bbox 861 1417 904 1475; x_wconf 82' lang='lat' dir='ltr'><strong><em>Iu</em></strong></span> <span class='ocrx_word' id='word_1_67' title='bbox 916 1417 1018 1476; x_wconf 86' lang='lat' dir='ltr'><strong><em>Missis</em></strong></span> <span class='ocrx_word' id='word_1_68' title='bbox 1037 1438 1102 1476; x_wconf 85' lang='lat' dir='ltr'><strong><em>uero</em></strong></span> <span class='ocrx_word' id='word_1_69' title='bbox 1116 1439 1175 1494; x_wconf 73' lang='lat' dir='ltr'><strong><em>pro</em></strong></span> <span class='ocrx_word' id='word_1_70' title='bbox 1195 1417 1341 1493; x_wconf 78' lang='lat' dir='ltr'><strong><em>desumtis</em></strong></span> 
     </span>
     <span class='ocr_line' id='line_1_13' title="bbox 615 1497 1340 1573; baseline 0.001 -18"><span class='ocrx_word' id='word_1_71' title='bbox 615 1497 700 1555; x_wconf 82' lang='lat' dir='ltr'><strong><em>uuila</em></strong></span> <span class='ocrx_word' id='word_1_72' title='bbox 709 1519 773 1573; x_wconf 79' lang='lat' dir='ltr'><strong><em>parc</em></strong></span> <span class='ocrx_word' id='word_1_73' title='bbox 786 1499 880 1569; x_wconf 89' lang='lat' dir='ltr'><strong><em>detur,</em></strong></span> <span class='ocrx_word' id='word_1_74' title='bbox 890 1498 941 1557; x_wconf 88' lang='lat' dir='ltr'><strong><em>sed</em></strong></span> <span class='ocrx_word' id='word_1_75' title='bbox 946 1497 1085 1557; x_wconf 73' lang='lat' dir='ltr'><strong><em>Sacerdos</em></strong></span> <span class='ocrx_word' id='word_1_76' title='bbox 1095 1499 1274 1557; x_wconf 70' lang='lat' dir='ltr'><strong><em>deosculetur</em></strong></span> <span class='ocrx_word' id='word_1_77' title='bbox 1283 1519 1340 1556; x_wconf 87' lang='lat' dir='ltr'><strong><em>ccr-</em></strong></span> 
     </span>
     <span class='ocr_line' id='line_1_14' title="bbox 610 1578 1338 1655; baseline 0 -19"><span class='ocrx_word' id='word_1_78' title='bbox 610 1578 731 1653; x_wconf 80' lang='lat' dir='ltr'><strong><em>porcdia</em></strong></span> <span class='ocrx_word' id='word_1_79' title='bbox 748 1579 783 1636; x_wconf 87' lang='lat' dir='ltr'><strong><em>ia</em></strong></span> <span class='ocrx_word' id='word_1_80' title='bbox 796 1580 898 1638; x_wconf 69' lang='lat' dir='ltr'><strong><em>dextra</em></strong></span> <span class='ocrx_word' id='word_1_81' title='bbox 906 1589 993 1655; x_wconf 78' lang='lat' dir='ltr'><strong><em>parte</em></strong></span> <span class='ocrx_word' id='word_1_82' title='bbox 1007 1589 1033 1638; x_wconf 89' lang='lat' dir='ltr'><strong><em>ct</em></strong></span> <span class='ocrx_word' id='word_1_83' title='bbox 1048 1581 1245 1638; x_wconf 79' lang='lat' dir='ltr'><strong><em>summitatem</em></strong></span> <span class='ocrx_word' id='word_1_84' title='bbox 1260 1578 1338 1638; x_wconf 78' lang='lat' dir='ltr'><strong><em>Uati-</em></strong></span> 
     </span>
     <span class='ocr_line' id='line_1_15' title="bbox 614 1661 813 1735; baseline 0.005 -19"><span class='ocrx_word' id='word_1_85' title='bbox 614 1661 656 1716; x_wconf 87' lang='lat' dir='ltr'><strong><em>cis</em></strong></span> <span class='ocrx_word' id='word_1_86' title='bbox 668 1668 702 1716; x_wconf 91' lang='lat' dir='ltr'><strong><em>ut</em></strong></span> <span class='ocrx_word' id='word_1_87' title='bbox 716 1680 813 1735; x_wconf 73' lang='lat' dir='ltr'><strong><em>supra.</em></strong></span> 
     </span>
    </p>
   </div>
   <div class='ocr_carea' id='block_1_6' title="bbox 129 2007 1334 2311">
    <p class='ocr_par' dir='ltr' id='par_1_7' title="bbox 131 2007 1334 2084">
     <span class='ocr_line' id='line_1_16' title="bbox 131 2007 1334 2084; baseline 0.002 -21"><span class='ocrx_word' id='word_1_88' title='bbox 131 2007 190 2064; x_wconf 83' lang='lat' dir='ltr'><strong><em>Hic</em></strong></span> <span class='ocrx_word' id='word_1_89' title='bbox 204 2007 323 2064; x_wconf 85' lang='lat' dir='ltr'><strong><em>iacliuet</em></strong></span> <span class='ocrx_word' id='word_1_90' title='bbox 337 2029 364 2065; x_wconf 86' lang='lat' dir='ltr'><strong><em>se</em></strong></span> <span class='ocrx_word' id='word_1_91' title='bbox 372 2007 511 2066; x_wconf 84' lang='lat' dir='ltr'><strong><em>Sacerdos</em></strong></span> <span class='ocrx_word' id='word_1_92' title='bbox 519 2008 576 2065; x_wconf 91' lang='lat' dir='ltr'><strong><em>dic·</em></strong></span> <span class='ocrx_word' id='word_1_93' title='bbox 678 2009 749 2066; x_wconf 80' lang='lat' dir='ltr'><strong><em>Post¹</em></strong></span> <span class='ocrx_word' id='word_1_94' title='bbox 770 2029 873 2084; x_wconf 58' lang='lat' dir='ltr'><strong><em>osacem</em></strong></span> <span class='ocrx_word' id='word_1_95' title='bbox 894 2011 996 2066; x_wconf 85' lang='lat' dir='ltr'><strong><em>datam</em></strong></span> <span class='ocrx_word' id='word_1_96' title='bbox 1017 2010 1096 2066; x_wconf 89' lang='lat' dir='ltr'><strong><em>dicat</em></strong></span> <span class='ocrx_word' id='word_1_97' title='bbox 1116 2008 1256 2068; x_wconf 80' lang='lat' dir='ltr'><strong><em>Sacerdos</em></strong></span> <span class='ocrx_word' id='word_1_98' title='bbox 1276 2030 1334 2067; x_wconf 89' lang='lat' dir='ltr'><strong><em>ora-</em></strong></span> 
     </span>
    </p>

    <p class='ocr_par' dir='ltr' id='par_1_8' title="bbox 131 2089 1333 2166">
     <span class='ocr_line' id='line_1_17' title="bbox 131 2089 1333 2166; baseline 0.002 -20"><span class='ocrx_word' id='word_1_99' title='bbox 131 2110 180 2146; x_wconf 79' lang='lat' dir='ltr'><strong><em>ens</em></strong></span> <span class='ocrx_word' id='word_1_100' title='bbox 197 2089 341 2146; x_wconf 83' lang='lat' dir='ltr'><strong><em>oratioms</em></strong></span> <span class='ocrx_word' id='word_1_101' title='bbox 359 2099 509 2163; x_wconf 77' lang='lat' dir='ltr'><strong><em>sequentes,</em></strong></span> <span class='ocrx_word' id='word_1_102' title='bbox 525 2111 577 2146; x_wconf 87' lang='lat' dir='ltr'><strong><em>au·</em></strong></span> <span class='ocrx_word' id='word_1_103' title='bbox 619 2090 708 2147; x_wconf 85' lang='lat' dir='ltr'><strong><em>tioues</em></strong></span> <span class='ocrx_word' id='word_1_104' title='bbox 728 2099 871 2165; x_wconf 82' lang='lat' dir='ltr'><strong><em>sequeutes</em></strong></span> <span class='ocrx_word' id='word_1_105' title='bbox 886 2090 1031 2166; x_wconf 83' lang='lat' dir='ltr'><strong><em>priuatim</em></strong></span> <span class='ocrx_word' id='word_1_106' title='bbox 1050 2095 1255 2165; x_wconf 84' lang='lat' dir='ltr'><strong><em>autequam&#39;se</em></strong></span> <span class='ocrx_word' id='word_1_107' title='bbox 1267 2111 1333 2148; x_wconf 81' lang='lat' dir='ltr'><strong><em>cora·</em></strong></span> 
     </span>
    </p>

    <p class='ocr_par' dir='ltr' id='par_1_9' title="bbox 129 2170 1330 2311">
     <span class='ocr_line' id='line_1_18' title="bbox 131 2170 1330 2244; baseline 0.003 -18"><span class='ocrx_word' id='word_1_108' title='bbox 131 2180 246 2244; x_wconf 82' lang='lat' dir='ltr'><strong><em>tequam</em></strong></span> <span class='ocrx_word' id='word_1_109' title='bbox 254 2171 448 2241; x_wconf 85' lang='lat' dir='ltr'><strong><em>couuuuuicet,</em></strong></span> <span class='ocrx_word' id='word_1_110' title='bbox 456 2171 576 2242; x_wconf 85' lang='lat' dir='ltr'><strong><em>teucudo</em></strong></span> <span class='ocrx_word' id='word_1_111' title='bbox 615 2170 749 2242; x_wconf 86' lang='lat' dir='ltr'><strong><em>muuicet,</em></strong></span> <span class='ocrx_word' id='word_1_112' title='bbox 765 2171 885 2228; x_wconf 80' lang='lat' dir='ltr'><strong><em>terteudo</em></strong></span> <span class='ocrx_word' id='word_1_113' title='bbox 899 2170 1037 2230; x_wconf 87' lang='lat' dir='ltr'><strong><em>Hostiam</em></strong></span> <span class='ocrx_word' id='word_1_114' title='bbox 1057 2172 1173 2230; x_wconf 77' lang='lat' dir='ltr'><strong><em>ductas</em></strong></span> <span class='ocrx_word' id='word_1_115' title='bbox 1192 2171 1330 2244; x_wconf 74' lang='lat' dir='ltr'><strong><em>umuibea,</em></strong></span> 
     </span>
     <span class='ocr_line' id='line_1_19' title="bbox 129 2251 787 2311; baseline 0.003 -4"><span class='ocrx_word' id='word_1_116' title='bbox 129 2251 267 2311; x_wconf 85' lang='lat' dir='ltr'><strong><em>Hostiam</em></strong></span> <span class='ocrx_word' id='word_1_117' title='bbox 281 2251 396 2309; x_wconf 83' lang='lat' dir='ltr'><strong><em>duabus</em></strong></span> <span class='ocrx_word' id='word_1_118' title='bbox 408 2252 564 2309; x_wconf 83' lang='lat' dir='ltr'><strong><em>mam&#39;bus:</em></strong></span> <span class='ocrx_word' id='word_1_119' title='bbox 613 2253 657 2309; x_wconf 82' lang='lat' dir='ltr'><strong><em>ita</em></strong></span> <span class='ocrx_word' id='word_1_120' title='bbox 671 2251 769 2310; x_wconf 79' lang='lat' dir='ltr'><strong><em>diceus</em></strong></span> <span class='ocrx_word' id='word_1_121' title='bbox 778 2277 787 2308; x_wconf 94' lang='grc'><strong><em>.·</em></strong></span> 
     </span>
    </p>
   </div>
   <div class='ocr_carea' id='block_1_7' title="bbox 129 3452 1326 4118">
    <p class='ocr_par' dir='ltr' id='par_1_10' title="bbox 130 3452 747 3514">
     <span class='ocr_line' id='line_1_20' title="bbox 130 3452 747 3514; baseline -0.006 -2"><span class='ocrx_word' id='word_1_122' title='bbox 130 3455 238 3514; x_wconf 71' lang='lat' dir='ltr'><strong><em>Oratio.</em></strong></span> <span class='ocrx_word' id='word_1_123' title='bbox 615 3452 747 3510; x_wconf 73' lang='lat' dir='ltr'><strong><em>Oramus.</em></strong></span> 
     </span>
    </p>

    <p class='ocr_par' dir='ltr' id='par_1_11' title="bbox 129 3543 1326 4118">
     <span class='ocr_line' id='line_1_21' title="bbox 188 3543 1324 3628; baseline -0.004 -18"><span class='ocrx_word' id='word_1_124' title='bbox 188 3554 325 3623; x_wconf 86' lang='lat' dir='ltr'><strong><em>Domine,</em></strong></span> <span class='ocrx_word' id='word_1_125' title='bbox 347 3559 446 3609; x_wconf 83' lang='lat' dir='ltr'><strong><em>sancte</em></strong></span> <span class='ocrx_word' id='word_1_126' title='bbox 468 3546 566 3621; x_wconf 79' lang='lat' dir='ltr'><strong><em>Pater,</em></strong></span> <span class='ocrx_word' id='word_1_127' title='bbox 588 3549 772 3625; x_wconf 77' lang='lat' dir='ltr'><strong><em>omnipotens</em></strong></span> <span class='ocrx_word' id='word_1_128' title='bbox 794 3556 901 3607; x_wconf 84' lang='lat' dir='ltr'><strong><em>aeterne</em></strong></span> <span class='ocrx_word' id='word_1_129' title='bbox 918 3549 1009 3619; x_wconf 75' lang='lat' dir='ltr'><strong><em>Deus,</em></strong></span> <span class='ocrx_word' id='word_1_130' title='bbox 1028 3547 1066 3605; x_wconf 84' lang='lat' dir='ltr'><strong><em>da</em></strong></span> <span class='ocrx_word' id='word_1_131' title='bbox 1083 3547 1243 3606; x_wconf 85' lang='lat' dir='ltr'><strong><em>nobishoc</em></strong></span> <span class='ocrx_word' id='word_1_132' title='bbox 1262 3543 1324 3628; x_wconf 78' lang='lat' dir='ltr'><strong><em>[ssa-</em></strong></span> 
     </span>
     <span class='ocr_line' id='line_1_22' title="bbox 129 3644 1324 3730; baseline -0.003 -22"><span class='ocrx_word' id='word_1_133' title='bbox 129 3649 301 3708; x_wconf 77' lang='lat' dir='ltr'><strong><em>mm—MS.</em></strong></span> <span class='ocrx_word' id='word_1_134' title='bbox 317 3648 361 3730; x_wconf 79' lang='lat' dir='ltr'><strong><em>D]</em></strong></span> <span class='ocrx_word' id='word_1_135' title='bbox 374 3669 479 3725; x_wconf 83' lang='lat' dir='ltr'><strong><em>corpus</em></strong></span> <span class='ocrx_word' id='word_1_136' title='bbox 500 3655 530 3706; x_wconf 82' lang='lat' dir='ltr'><strong><em>et</em></strong></span> <span class='ocrx_word' id='word_1_137' title='bbox 550 3649 724 3723; x_wconf 79' lang='lat' dir='ltr'><strong><em>sanguinem</em></strong></span> <span class='ocrx_word' id='word_1_138' title='bbox 742 3647 814 3704; x_wconf 83' lang='lat' dir='ltr'><strong><em>Filii</em></strong></span> <span class='ocrx_word' id='word_1_139' title='bbox 833 3647 880 3704; x_wconf 84' lang='lat' dir='ltr'><strong><em>tui</em></strong></span> <span class='ocrx_word' id='word_1_140' title='bbox 898 3647 1022 3704; x_wconf 89' lang='lat' dir='ltr'><strong><em>Domini</em></strong></span> <span class='ocrx_word' id='word_1_141' title='bbox 1042 3644 1121 3706; x_wconf 78' lang='lat' dir='ltr'><strong><em>Dei†</em></strong></span> <span class='ocrx_word' id='word_1_142' title='bbox 1141 3645 1239 3704; x_wconf 82' lang='lat' dir='ltr'><strong><em>nostri</em></strong></span> <span class='ocrx_word' id='word_1_143' title='bbox 1256 3645 1324 3704; x_wconf 78' lang='lat' dir='ltr'><strong><em>Jesu</em></strong></span> 
     </span>
     <span class='ocr_line' id='line_1_23' title="bbox 130 3743 1325 3828; baseline -0.006 -21"><span class='ocrx_word' id='word_1_144' title='bbox 130 3750 241 3807; x_wconf 75' lang='lat' dir='ltr'><strong><em>Christi</em></strong></span> <span class='ocrx_word' id='word_1_145' title='bbox 260 3751 305 3806; x_wconf 85' lang='lat' dir='ltr'><strong><em>ita</em></strong></span> <span class='ocrx_word' id='word_1_146' title='bbox 327 3747 532 3828; x_wconf 83' lang='lat' dir='ltr'><strong><em>[digne—MS.</em></strong></span> <span class='ocrx_word' id='word_1_147' title='bbox 549 3746 593 3828; x_wconf 79' lang='lat' dir='ltr'><strong><em>D]</em></strong></span> <span class='ocrx_word' id='word_1_148' title='bbox 611 3767 725 3805; x_wconf 85' lang='lat' dir='ltr'><strong><em>sumere</em></strong></span> <span class='ocrx_word' id='word_1_149' title='bbox 744 3753 780 3803; x_wconf 77' lang='lat' dir='ltr'><strong><em>ut</em></strong></span> <span class='ocrx_word' id='word_1_150' title='bbox 800 3766 966 3817; x_wconf 79' lang='lat' dir='ltr'><strong><em>mereamur</em></strong></span> <span class='ocrx_word' id='word_1_151' title='bbox 983 3764 1036 3821; x_wconf 81' lang='lat' dir='ltr'><strong><em>per</em></strong></span> <span class='ocrx_word' id='word_1_152' title='bbox 1055 3744 1111 3802; x_wconf 82' lang='lat' dir='ltr'><strong><em>hoc</em></strong></span> <span class='ocrx_word' id='word_1_153' title='bbox 1129 3743 1325 3802; x_wconf 81' lang='lat' dir='ltr'><strong><em>remissionem</em></strong></span> 
     </span>
     <span class='ocr_line' id='line_1_24' title="bbox 129 3840 1326 3923; baseline -0.005 -20"><span class='ocrx_word' id='word_1_154' title='bbox 129 3854 314 3923; x_wconf 81' lang='lat' dir='ltr'><strong><em>peccatorum</em></strong></span> <span class='ocrx_word' id='word_1_155' title='bbox 334 3852 502 3903; x_wconf 82' lang='lat' dir='ltr'><strong><em>nostrorum</em></strong></span> <span class='ocrx_word' id='word_1_156' title='bbox 522 3846 652 3920; x_wconf 81' lang='lat' dir='ltr'><strong><em>accipere</em></strong></span> <span class='ocrx_word' id='word_1_157' title='bbox 672 3852 702 3902; x_wconf 83' lang='lat' dir='ltr'><strong><em>et</em></strong></span> <span class='ocrx_word' id='word_1_158' title='bbox 725 3851 778 3902; x_wconf 81' lang='lat' dir='ltr'><strong><em>tuo</em></strong></span> <span class='ocrx_word' id='word_1_159' title='bbox 803 3844 910 3902; x_wconf 78' lang='lat' dir='ltr'><strong><em>Sancto</em></strong></span> <span class='ocrx_word' id='word_1_160' title='bbox 924 3842 1038 3920; x_wconf 79' lang='lat' dir='ltr'><strong><em>Spiritu</em></strong></span> <span class='ocrx_word' id='word_1_161' title='bbox 1058 3841 1167 3918; x_wconf 79' lang='lat' dir='ltr'><strong><em>repleri</em></strong></span> <span class='ocrx_word' id='word_1_162' title='bbox 1176 3861 1186 3916; x_wconf 77' lang='lat'><em>3</em></span> <span class='ocrx_word' id='word_1_163' title='bbox 1209 3840 1280 3918; x_wconf 83' lang='lat' dir='ltr'><strong><em>quia</em></strong></span> <span class='ocrx_word' id='word_1_164' title='bbox 1292 3845 1326 3896; x_wconf 81' lang='lat' dir='ltr'><strong><em>tu</em></strong></span> 
     </span>
     <span class='ocr_line' id='line_1_25' title="bbox 129 3939 1325 4020; baseline -0.004 -18"><span class='ocrx_word' id='word_1_165' title='bbox 129 3965 159 4002; x_wconf 81' lang='lat' dir='ltr'><strong><em>es</em></strong></span> <span class='ocrx_word' id='word_1_166' title='bbox 178 3945 260 4000; x_wconf 86' lang='lat' dir='ltr'><strong><em>Deus</em></strong></span> <span class='ocrx_word' id='word_1_167' title='bbox 278 3951 309 4001; x_wconf 83' lang='lat' dir='ltr'><strong><em>et</em></strong></span> <span class='ocrx_word' id='word_1_168' title='bbox 326 3950 433 4020; x_wconf 81' lang='lat' dir='ltr'><strong><em>praeter</em></strong></span> <span class='ocrx_word' id='word_1_169' title='bbox 453 3951 483 4000; x_wconf 82' lang='lat' dir='ltr'><strong><em>te</em></strong></span> <span class='ocrx_word' id='word_1_170' title='bbox 503 3964 564 4000; x_wconf 90' lang='lat' dir='ltr'><strong><em>non</em></strong></span> <span class='ocrx_word' id='word_1_171' title='bbox 584 3951 629 4000; x_wconf 81' lang='lat' dir='ltr'><strong><em>est</em></strong></span> <span class='ocrx_word' id='word_1_172' title='bbox 649 3943 734 4014; x_wconf 82' lang='lat' dir='ltr'><strong><em>alius,</em></strong></span> <span class='ocrx_word' id='word_1_173' title='bbox 749 3942 808 4000; x_wconf 88' lang='lat' dir='ltr'><strong><em>nisi</em></strong></span> <span class='ocrx_word' id='word_1_174' title='bbox 828 3948 863 3998; x_wconf 87' lang='lat' dir='ltr'><strong><em>tu</em></strong></span> <span class='ocrx_word' id='word_1_175' title='bbox 884 3942 970 3999; x_wconf 77' lang='lat' dir='ltr'><strong><em>solus,</em></strong></span> <span class='ocrx_word' id='word_1_176' title='bbox 1015 3939 1075 4010; x_wconf 81' lang='lat' dir='ltr'><strong><em>Qui</em></strong></span> <span class='ocrx_word' id='word_1_177' title='bbox 1087 3939 1168 3997; x_wconf 82' lang='lat' dir='ltr'><strong><em>vivis</em></strong></span> <span class='ocrx_word' id='word_1_178' title='bbox 1181 3945 1213 3998; x_wconf 77' lang='lat' dir='ltr'><strong><em>et</em></strong></span> <span class='ocrx_word' id='word_1_179' title='bbox 1225 3953 1325 4017; x_wconf 57' lang='lat' dir='ltr'><strong><em>repat</em></strong></span> 
     </span>
     <span class='ocr_line' id='line_1_26' title="bbox 130 4042 714 4118; baseline -0.003 -19"><span class='ocrx_word' id='word_1_180' title='bbox 130 4045 220 4111; x_wconf 80' lang='lat' dir='ltr'><strong><em>Deus,</em></strong></span> <span class='ocrx_word' id='word_1_181' title='bbox 235 4063 288 4118; x_wconf 83' lang='lat' dir='ltr'><strong><em>per</em></strong></span> <span class='ocrx_word' id='word_1_182' title='bbox 301 4043 399 4098; x_wconf 81' lang='lat' dir='ltr'><strong><em>omnia</em></strong></span> <span class='ocrx_word' id='word_1_183' title='bbox 413 4042 519 4099; x_wconf 81' lang='lat' dir='ltr'><strong><em>saecula</em></strong></span> <span class='ocrx_word' id='word_1_184' title='bbox 533 4042 714 4098; x_wconf 84' lang='lat' dir='ltr'><strong><em>saeeulorum.</em></strong></span> 
     </span>
    </p>
   </div>
   <div class='ocr_carea' id='block_1_8' title="bbox 133 4430 1327 4569">
    <p class='ocr_par' dir='ltr' id='par_1_12' title="bbox 133 4430 1327 4569">
     <span class='ocr_line' id='line_1_27' title="bbox 175 4430 1327 4504; baseline -0.005 -9"><span class='ocrx_word' id='word_1_185' title='bbox 175 4453 188 4478; x_wconf 74' lang='lat'><strong><em>¹¹</em></strong></span> <span class='ocrx_word' id='word_1_186' title='bbox 204 4449 340 4495; x_wconf 70' lang='lat' dir='ltr'><strong><em>Oui-MS.</em></strong></span> <span class='ocrx_word' id='word_1_187' title='bbox 357 4450 386 4493; x_wconf 80' lang='lat' dir='ltr'><strong><em>A.</em></strong></span> <span class='ocrx_word' id='word_1_188' title='bbox 420 4449 455 4493; x_wconf 91' lang='lat' dir='ltr'><strong><em>On</em></strong></span> <span class='ocrx_word' id='word_1_189' title='bbox 472 4449 512 4492; x_wconf 79' lang='lat' dir='ltr'><strong><em>tha</em></strong></span> <span class='ocrx_word' id='word_1_190' title='bbox 527 4447 621 4504; x_wconf 76' lang='lat' dir='ltr'><strong><em>margin</em></strong></span> <span class='ocrx_word' id='word_1_191' title='bbox 636 4447 657 4491; x_wconf 87' lang='lat' dir='ltr'><strong><em>is</em></strong></span> <span class='ocrx_word' id='word_1_192' title='bbox 672 4447 792 4493; x_wconf 53' lang='lat' dir='ltr'><strong><em>addes-r</em></strong></span> <span class='ocrx_word' id='word_1_193' title='bbox 802 4447 854 4491; x_wconf 82' lang='lat' dir='ltr'><strong><em>Pax</em></strong></span> <span class='ocrx_word' id='word_1_194' title='bbox 869 4430 1001 4492; x_wconf 71' lang='lat' dir='ltr'><strong><em>christia</em></strong></span> <span class='ocrx_word' id='word_1_195' title='bbox 1016 4444 1091 4492; x_wconf 83' lang='lat' dir='ltr'><strong><em>totius</em></strong></span> <span class='ocrx_word' id='word_1_196' title='bbox 1104 4443 1213 4490; x_wconf 75' lang='lat' dir='ltr'><strong><em>ccclesia</em></strong></span> <span class='ocrx_word' id='word_1_197' title='bbox 1227 4440 1327 4490; x_wconf 60' lang='lat' dir='ltr'><strong><em>undet</em></strong></span> 
     </span>
     <span class='ocr_line' id='line_1_28' title="bbox 133 4507 672 4569; baseline -0.011 -13"><span class='ocrx_word' id='word_1_198' title='bbox 133 4524 225 4569; x_wconf 67' lang='lat' dir='ltr'><strong><em>semper</em></strong></span> <span class='ocrx_word' id='word_1_199' title='bbox 239 4510 265 4552; x_wconf 86' lang='lat' dir='ltr'><strong><em>in</em></strong></span> <span class='ocrx_word' id='word_1_200' title='bbox 281 4509 393 4553; x_wconf 86' lang='lat' dir='ltr'><strong><em>cordibus</em></strong></span> <span class='ocrx_word' id='word_1_201' title='bbox 407 4507 506 4564; x_wconf 81' lang='lat' dir='ltr'><strong><em>vsstris,</em></strong></span> <span class='ocrx_word' id='word_1_202' title='bbox 519 4511 544 4552; x_wconf 82' lang='lat' dir='ltr'><strong><em>et</em></strong></span> <span class='ocrx_word' id='word_1_203' title='bbox 557 4507 672 4550; x_wconf 76' lang='lat' dir='ltr'><strong><em>manoat.”</em></strong></span> 
     </span>
    </p>
   </div>
   <div class='ocr_carea' id='block_1_9' title="bbox 175 4577 562 4641">
    <p class='ocr_par' dir='ltr' id='par_1_13' title="bbox 175 4577 562 4641">
     <span class='ocr_line' id='line_1_29' title="bbox 175 4577 562 4641; baseline -0.01 -14"><span class='ocrx_word' id='word_1_204' title='bbox 175 4577 189 4641; x_wconf 65' lang='lat' dir='ltr'><strong><em>&#39;o</em></strong></span> <span class='ocrx_word' id='word_1_205' title='bbox 206 4578 361 4627; x_wconf 67' lang='lat' dir='ltr'><strong><em>ons-ass</em></strong></span> <span class='ocrx_word' id='word_1_206' title='bbox 378 4578 516 4635; x_wconf 63' lang='grc'>111111</span> <span class='ocrx_word' id='word_1_207' title='bbox 533 4577 562 4623; x_wconf 76' lang='lat' dir='ltr'><strong><em>a.</em></strong></span> 
     </span>
    </p>
   </div>
   <div class='ocr_carea' id='block_1_10' title="bbox 0 0 1468 4996">
    <p class='ocr_par' dir='ltr' id='par_1_14' title="bbox 0 0 1468 4996">
     <span class='ocr_line' id='line_1_30' title="bbox 0 0 1468 4996; baseline 0 0"><span class='ocrx_word' id='word_1_208' title='bbox 0 0 1468 4996; x_wconf 95' lang='lat' dir='ltr'><strong><em> </em></strong></span> 
     </span>
    </p>
   </div>
  </div>
 </body>
</html>
