2926 4996
547 358 666 424 Conon
687 358 808 424 Missoe.
1216 363 1278 423 185

217 524 282 583 MS.
306 524 341 582 B.
868 525 933 584 MS.
956 527 1126 584 Banrrrar.

71 628 96 686 J
98 628 222 686 ohannis
243 635 274 686 et
287 629 383 703 Pauli,
399 628 512 686 Cosmae
533 634 564 687 et
577 629 727 700 Damiani,
748 635 779 687 et
799 631 932 688 omnium
953 621 1128 689 Sanctorum
1149 629 1293 702 tuorum‚‘

73 745 202 801 quorum
222 727 336 784 meritis
356 727 549 802 precibusque
570 727 719 800 concedas,
740 733 776 783 ut
795 727 829 784 in
848 728 985 785 omnibus
1005 727 1198 805 protectionis
1218 735 1279 784 tuse

73 823 246 880 muniamur
259 824 379 881 auxilio.
416 824 475 881 Per
491 824 617 881 eamdem
632 823 784 882 Christum
797 825 961 883 Dominum
974 831 1118 884 nostrum.
1150 823 1278 883 Amen*

73 920 228 995 Enpenina
248 920 317 978 VII.
340 921 478 979 instituit.
764 922 845 981 Item.

75 999 115 1057 Et
123 1022 191 1058 cane
201 1002 286 1071 dicat,
293 1022 405 1078 parurn
416 1010 479 1060 ton

75 1091 123 1155 pat
138 1081 274 1154 Calicem,
291 1084 409 1143 dicens:

134 1179 226 1237 Hanc
240 1179 333 1256 igitur
346 1180 526 1238 oblationem
540 1179 693 1237 servitutis
706 1185 823 1251 nostrae,
840 1181 890 1237 sed
904 1187 934 1238 et
948 1188 1061 1238 cunctae
1070 1180 1193 1238 'familiae
1207 1186 1277 1253 tuae,

78 1293 253 1350 quaesumuS,
268 1277 405 1351 Domine,
421 1284 456 1335 ut
468 1278 601 1354 placatus
615 1277 748 1355 accipias,
763 1278 883 1353 diesque
896 1284 1013 1335 nostros
1026 1279 1058 1334 in
1072 1284 1125 1335 tua
1138 1297 1208 1354 paee
1222 1277 1279 1334 dis·

76 1389 175 1446 ponas,
193 1379 282 1449 atque
302 1375 339 1431 ab
361 1380 471 1432 aeterna
491 1373 681 1431 damnatione
701 1394 754 1432 nos
775 1374 857 1450 eripi,
874 1381 904 1431 et
924 1375 955 1431 in
977 1375 1136 1432 electorum
1156 1379 1278 1431 tuorum

71 1467 174 1541 jubeas
188 1489 276 1547 grege
289 1470 446 1528 numerari.
490 1471 549 1528 Per
563 1470 716 1528 Christum
730 1471 894 1528 Dominum
907 1477 1049 1529 nostrum.
1093 1471 1224 1534 Amen.†
1291 1522 1294 1528 .

133 1664 233 1735 Quam
259 1665 440 1724 oblationem
467 1671 511 1739 tu,
534 1666 617 1724 Deus
644 1666 857 1742 omnipotens,ss
878 1666 911 1722 in
934 1667 1078 1736 omnibus,
1100 1686 1276 1743 quaesumus,

761 1763 820 1821 Hic
842 1764 1019 1822 benedicetur
1041 1774 1082 1822 ter
1107 1774 1167 1822 taen
1191 1785 1278 1841 anper

758 1844 897 1901 Hostiam
917 1865 1007 1920 qnnne
1033 1866 1120 1920 anper
1143 1844 1276 1920 Calicem,
1328 1849 1331 1855 ⁴

758 1926 899 1984 dicendo:

60 2021 307 2104 beneffldictam
343 2024 550 2103 ascrifflptnm,
585 2022 731 2104 raffltam,
765 2023 981 2095 rationabilem,
1010 2024 1277 2101 acceptabilemque

468 2123 563 2181 facere
584 2123 722 2200 digneris,
742 2127 777 2179 ut
797 2122 882 2179 nobis

757 2218 817 2277 Hic
845 2219 1002 2294 separatim
1033 2219 1163 2293 sepnetnr
1190 2239 1277 2294 anper

757 2299 903 2372 Hostiam,
919 2301 1040 2382 dicendo
1054 2320 1064 2356 .·

600 2379 745 2466 οοιψρᾳε

758 2462 818 2520 Hic
831 2482 917 2536 snper
932 2459 1064 2534 Calicem,

52 2566 94 2617 et
125 2556 288 2638 sanffignis
314 2561 367 2616 fiat
394 2559 583 2617 delectissimi
608 2559 679 2616 Filii
706 2559 753 2615 tui
774 2558 897 2615 Domini
922 2559 1017 2614 nostri
1037 2559 1112 2615 Jesu
1133 2557 1252 2617 Christi.

50 2657 237 2714 Alexander
239 2656 471 2732 papn'institnit.
755 2655 815 2713 Hic
855 2675 974 2712 seranni
1013 2662 1104 2713 tenent
1138 2655 1276 2714 Hostioen

51 2737 219 2796 Inclinato
257 2738 349 2813 eapite
386 2758 474 2814 snper
747 2736 863 2811 janctis
882 2736 1028 2814 mundns,
1050 2737 1194 2795 dicendo:

56 2819 265 2877 Zintlemnine
279 2819 416 2878 Hostiam
429 2838 475 2876 ce·

55 2900 223 2976 cc'piendc:
1034 2959 1036 2964 ,

130 2997 192 3067 Qui
212 2997 307 3074 pridie
327 3017 416 3074 quam
436 3003 596 3075 pateretur,
613 2998 726 3074 aceepit
742 3017 850 3074 panem
867 2997 900 3054 in
918 3000 1034 3054 sanctas
1048 3016 1081 3054 ac
1094 2997 1276 3054 venerabiles

353 3117 457 3154 manus
471 3117 546 3170 suas,
563 3103 594 3155 et
607 3097 728 3155 elevatis
742 3097 834 3154 oculis
848 3098 881 3153 in
895 3097 998 3154 caelum

56 3192 127 3252 Hic
141 3194 210 3252 levet
224 3195 327 3267 oculos,
754 3194 814 3251 Hic
827 3195 908 3252 eleuet
922 3194 1023 3266 oculos,
1039 3193 1167 3271 edicens:v

331 3291 369 3349 ad
382 3297 413 3349 te
427 3292 525 3349 Deum
538 3298 654 3368 patrem
667 3311 754 3348 suum
769 3292 1010 3366 omnipotentem,

754 3387 813 3445 Hic
827 3387 953 3459 inclinet,
970 3386 1083 3444 dicens:

512 3565 581 3622 Tibi
600 3565 711 3642 gratias
731 3585 828 3642 agens,

755 3663 814 3720 Hie
827 3663 919 3738 sipnet
932 3662 1079 3734 Hostiam,
1095 3661 1212 3718 dicens:

593 3743 748 3802 benedixit

754 3825 814 3883 Hic
829 3833 931 3900 tnnpnt
944 3825 1091 3895 Hostiam,
1106 3822 1222 3880 dicens:
1318 3874 1319 3877 ,

598 3925 631 3963 ac
649 3905 746 3982 fregit,

70 4001 130 4061 llic
144 4013 246 4079 tonpat
259 4003 405 4075 Hostiam,

77 4177 207 4258 deditque
229 4183 379 4260 discipulis
400 4183 469 4254 suis,
491 4180 599 4253 dicens,
623 4180 760 4256 Accipite
780 4187 810 4238 et
830 4181 1007 4238 manducate
1027 4199 1066 4238 ex
1085 4181 1141 4238 hoe
1161 4200 1270 4238 omnes.

428 4278 497 4335 Hoc
516 4283 562 4334 est
582 4277 662 4334 enim
683 4296 787 4354 corpus
807 4297 913 4334 meum.

320 4411 332 4435 ²
348 4409 466 4468 Breviary
480 4408 551 4454 omits
567 4409 719 4453 “Dominum
734 4411 851 4454 nostrum.
881 4409 981 4454 Amen.''

319 4483 332 4541 †
347 4482 465 4539 Breviary
480 4481 551 4547 omits
566 4480 717 4525 “Dominum
733 4483 848 4525 nostrum.
879 4481 958 4525 Amen
969 4480 980 4501 ”

320 4555 333 4613 ‡
349 4553 467 4612 Breviary
482 4551 554 4597 omits
568 4554 581 4579 “
590 4552 761 4610 omnipotens.”
