2926 4996
292 385 298 451 ’,
313 370 454 438 Scitote
472 370 639 452 Quattuor
659 371 863 456 Temporuro
879 371 1159 457 Quodroyeeimoc.
1292 348 1334 441 57

191 538 215 597 O
236 539 383 597 arterium.

188 541 320 678 Binedic
340 620 440 677 anima
459 638 525 676 mea
545 619 684 693 Domino,
706 624 737 677 et
756 618 820 677 noli
843 618 977 677 oblivisci
1000 639 1101 678 omnes
1124 619 1335 678 retributiones

123 702 209 778 ejus:
229 706 260 759 et
273 701 465 758 renovabitur
478 700 554 758 sicut
568 700 675 777 aquilae
684 701 827 776 juventus
840 706 901 758 tua.
1247 728 1249 732 v

188 797 309 856 Secreto.
378 850 380 854 .

189 879 318 954 Suscipe,
334 878 471 950 Domine,
487 897 663 954 quaesumus,
678 897 802 934 munera
821 877 930 936 nostris
951 878 1050 936 oblata
1070 879 1198 936 servitiis
1207 899 1216 952 ;
1237 886 1268 937 et
1280 887 1334 938 tua

124 961 274 1037 propitius
290 960 367 1017 dona
380 959 538 1017 sanctifica.
581 959 641 1017 Per
654 959 827 1016 Dominum.

187 1055 370 1115 Commutatio.

188 1137 373 1194 Erubescant
386 1143 417 1194 et
431 1137 655 1211 conturbentur,
664 1155 766 1194 omnes
776 1135 890 1193 inimici
901 1137 972 1194 mei:
986 1143 1162 1196 avertantur
1171 1145 1332 1197 retrorsum

126 1226 157 1276 et
170 1219 345 1276 erubescent
358 1218 444 1275 valde
459 1217 604 1276 velociter.

187 1316 430 1374 Postcommuaio.

188 1396 247 1454 Per
266 1397 365 1472 hujus,
379 1396 517 1467 Domine,
533 1396 735 1472 operationem
754 1397 889 1473 mysterii
910 1402 941 1455 et
954 1398 1030 1456 vitia
1050 1404 1152 1456 nostra
1169 1405 1335 1477 purgentur

126 1486 157 1535 et
165 1478 252 1554 justa
265 1478 409 1535 desideria
422 1477 633 1555 compleantur.
677 1477 737 1535 Per
750 1477 922 1536 Dominum.

187 1575 283 1650 Super
296 1573 453 1650 Populum.

187 1655 307 1713 Exaudi
320 1675 383 1727 nos,
398 1654 562 1712 misericors
576 1655 666 1727 Deua,
682 1660 714 1712 et
729 1655 880 1712 mentibus
900 1656 1009 1712 nostris
1029 1657 1132 1734 gratiae
1152 1663 1213 1714 tuoe
1233 1657 1334 1714 lumen

125 1737 258 1796 ostende.
301 1736 362 1794 Per
375 1736 546 1793 Dominum.

462 1917 602 1975 Sensuro
625 1917 794 1987 Quarruon
815 1916 999 1976 Taurorum

186 2049 239 2106 Ad
253 2049 386 2106 Missam.
430 2048 570 2122 Officium.

186 2131 288 2187 Intret
303 2131 397 2187 oratio
411 2149 476 2188 mea
489 2129 522 2186 in
536 2129 694 2206 conspectu
707 2135 780 2187 tuo:
803 2129 915 2188 inclina
934 2149 1036 2188 aurem
1056 2135 1140 2188 tuam
1160 2131 1198 2188 ad
1218 2149 1334 2207 precem

126 2231 230 2284 meam,
247 2211 384 2268 Domine.

185 2309 334 2368 Prolatus.
644 2374 645 2377 Ἴ

187 2408 317 2465 Domine
332 2408 413 2464 Deus
427 2407 530 2464 salutis
544 2426 615 2464 meae
629 2428 635 2465 :
656 2406 690 2464 in
703 2407 750 2464 die
764 2407 889 2464 clamavi
903 2412 933 2463 et
946 2412 1033 2464 nocte
1046 2426 1147 2464 coram
1164 2413 1201 2465 te.

186 2504 260 2562 Nori
280 2505 392 2562 dicitur
405 2504 552 2562 Dominus
565 2504 717 2562 vobiscum
738 2505 778 2561 od
793 2503 952 2575 Orationes,
970 2505 1030 2561 aciei
1050 2506 1091 2561 od
1110 2505 1247 2562 ultimum
1267 2515 1334 2562 orate

128 2586 300 2662 Epictetum,
315 2586 419 2643 scilicet
434 2586 515 2642 Deus
529 2586 581 2661 qui
594 2586 691 2642 tribus
704 2586 811 2661 pueris,
828 2587 868 2642 ed
882 2607 972 2660 quum
994 2594 1110 2642 tautum
1132 2595 1242 2643 tacetur
1255 2587 1335 2644 Flec-

128 2675 225 2724 tamus
247 2687 352 2743 genua,
368 2668 416 2724 sed
431 2667 582 2741 premisso
601 2665 727 2723 Oremus
745 2675 771 2723 et
792 2665 960 2724 Flectemus
979 2686 1082 2743 genua.
1119 2665 1162 2723 Ire
1178 2667 1247 2724 aliis
1262 2668 1334 2725 Oro-

130 2749 263 2819 tiondrus,
278 2747 437 2822 eubjanpot
450 2747 601 2821 Presbyter
616 2745 790 2810 Orationem.
833 2744 886 2826 [Er
908 2768 1005 2806 omues
1025 2748 1171 2806 Lectiones
1189 2769 1255 2807 cam
1272 2749 1335 2807 suis

132 2829 223 2886 titulis
241 2827 492 2903 loquutur-MS.
512 2825 564 2908 Ι).]
585 2825 588 2831 ’

189 2927 300 2985 Oratio.

187 3008 336 3084 Populum
358 3013 452 3077 tuum,
469 3026 645 3082 quaesumus,
660 3006 799 3078 Domine,
813 3007 959 3082 propitius
980 3006 1090 3083 respice
1100 3026 1109 3080 ;
1131 3012 1220 3084 atque
1240 3007 1278 3065 ab
1299 3027 1333 3065 eo

136 3087 242 3164 flagella
255 3095 315 3145 tuae
328 3087 489 3144 iracundiae
502 3088 661 3145 clementer
674 3093 783 3145 averte.
827 3087 885 3144 Per
899 3088 1071 3146 Dominum.

190 3186 283 3244 Lectio
298 3186 366 3243 libri
379 3186 598 3243 Deuteronomii
618 3185 710 3261 (auci.
728 3185 842 3263 15-19).

191 3280 229 3337 In
249 3281 352 3338 diebus
372 3281 439 3349 illis,
454 3281 585 3338 Locutus
605 3287 650 3338 est
671 3281 790 3355 Moyses
810 3281 848 3337 ad
862 3281 1035 3352 Dominum,
1058 3282 1176 3338 dicens:
1198 3281 1330 3357 Respice,

145 3358 264 3435 Domine,
280 3363 317 3419 de
331 3363 498 3419 sanctuario
511 3368 565 3418 tuo
585 3382 675 3437 usque
690 3363 730 3418 od
749 3369 785 3420 ut
805 3362 845 3419 sis
858 3361 985 3438 populus
1002 3368 1122 3419 sanctus
1137 3361 1260 3419 Domini
1274 3362 1332 3419 Dei

148 3442 190 3514 tui,
201 3443 275 3501 sicut
289 3444 407 3501 locutus
420 3450 465 3500 est
479 3443 543 3500 tibi

195 3538 324 3596 Gratata.

194 3618 346 3678 Protector
358 3626 459 3677 noster
471 3619 575 3695 aspice,
590 3620 689 3677 Deus:
711 3625 742 3676 et
755 3619 866 3696 respice
880 3640 969 3697 super
982 3639 1081 3678 servos
1095 3625 1171 3678 tuos.

157 3693 177 3752 V.
192 3699 317 3775 vDomine
332 3702 415 3758 Deus
429 3702 594 3760 virtutum:
616 3700 724 3758 exaudi
737 3719 837 3777 preces
851 3720 1004 3759 servorum
1017 3706 1145 3759 tuorum.

195 3795 316 3856 Nullam
339 3797 465 3856 Grodole
485 3806 632 3873 repetatur
650 3807 717 3874 post
744 3798 869 3856 Versum.

198 3894 297 3954 Oratio.

197 3974 270 4034 Deus
280 3977 333 4054 qui
343 3996 397 4033 nos
407 3977 440 4032 in
450 3977 543 4035 tantis
557 3977 695 4053 periculis
705 3979 882 4036 constitutos
895 3998 949 4054 pro
962 3978 1093 4035 humana
1106 3978 1160 4035 scis
1171 3977 1333 4054 fragilitate

156 4063 291 4133 no11posse
313 4058 481 4129 subsistere,
505 4058 543 4115 da
564 4059 649 4115 nobis
671 4059 797 4116 salutem
815 4060 923 4116 mentis
944 4065 974 4117 et
994 4058 1130 4134 corporis,
1155 4067 1189 4117 ut
1212 4079 1246 4117 ea
1267 4079 1332 4135 qure

157 4141 321 4212 inpeccatis
335 4139 445 4197 nostris
465 4139 596 4215 patimur
609 4146 640 4197 te
654 4140 814 4215 adjuvante
827 4140 987 4198 vincamus.
1031 4140 1090 4197 Per
1104 4140 1276 4198 Dominum.

200 4235 282 4295 Lecti>
296 4238 365 4295 libri
379 4237 598 4295 Deuteronomii
618 4237 673 4313 (oei.
691 4237 806 4315 22-25).

201 4329 232 4388 In
249 4334 351 4392 diebus
372 4333 441 4404 illis,
456 4334 545 4391 Dixit
560 4334 678 4410 Moyses
697 4333 767 4392 filiis
785 4334 897 4391 Israel:
921 4333 954 4392 si
974 4334 1173 4393 custodieritis
1193 4334 1333 4392 mandata

160 4419 205 4475 (lle
217 4433 262 4490 ego
279 4416 417 4492 praecipio
431 4415 514 4472 vobis
534 4435 624 4489 osque
645 4415 685 4472 ool
705 4435 793 4492 super
813 4435 931 4472 omnem
951 4422 1062 4474 terram
1083 4436 1173 4492 quam
1193 4415 1333 4473 calcaturi

160 4487 217 4564 etis,
229 4496 299 4554 sicut
312 4496 430 4555 locutus
444 4501 489 4553 est
502 4497 585 4554 vobis
599 4496 746 4553 Dominus
761 4497 843 4554 Deus
856 4503 960 4556 vester.
1012 4573 1014 4579 y
