2926 4996
184 386 226 446 38
454 379 638 446 Dmaiuiou
652 380 707 445 iii.
720 387 796 465 post
813 379 876 445 Ort.
893 378 1107 464 Epiphania.

667 586 766 644 Fanni
790 587 899 644 Snxra

245 718 293 776 Ad
310 717 490 775 Timotheum
503 716 538 793 (l
554 716 573 773 i.
593 715 705 793 15-17)

245 810 420 868 Carissime:
441 808 551 866 Fidelis
564 827 658 865 sermo
671 828 760 883 usqae
774 809 814 865 ad
830 809 862 865 in
875 809 981 867 saecula
994 807 1173 866 saeculorum
1230 809 1340 869 Amen.

244 903 411 962 Secundam
424 903 536 959 Irarum
557 901 612 978 (iv.
629 899 743 978 31-37).

245 1002 284 1058 In
297 1002 349 1059 illo
363 1007 502 1077 tempore,
518 999 679 1058 Descendit
693 999 715 1057 J
716 1019 781 1057 esus
796 1001 828 1056 in
842 999 1049 1076 Capharnaum
1063 1018 1152 1074 usque
1166 1001 1208 1058 ad
1220 1000 1253 1058 in
1268 1021 1385 1060 omnem

185 1083 281 1141 locum
295 1082 428 1159 regionis.

406 1259 567 1317 Donmmn
586 1275 698 1316 raama
718 1275 790 1317 rosr
811 1261 951 1318 Oorrvns
971 1259 1162 1317 Fmrnnmm

247 1415 297 1473 Ad
309 1415 439 1473 Missam.
485 1415 624 1489 Officium.

246 1497 379 1555 Adorate
401 1496 508 1568 Deum,
523 1515 623 1553 omnes
644 1495 741 1573 angeli
763 1496 833 1571 ejus.
876 1495 1006 1553 audivit
1027 1500 1058 1553 et
1078 1496 1179 1554 laetata
1193 1501 1239 1556 est
1262 1497 1344 1572 Sion,
1359 1505 1388 1557 et

187 1578 398 1637 exultaverunt
410 1576 478 1632 filiae
493 1576 515 1634 J
517 1577 588 1633 udae.

247 1658 393 1715 Patmos.

248 1739 395 1796 Dominus
408 1737 550 1814 regnavit,
566 1737 680 1795 exultet
694 1743 791 1794 terra:
812 1738 952 1797 laetentur
964 1737 1067 1795 insulae
1081 1738 1191 1797 multae.

249 1819 359 1878 Oratio.

248 1899 442 1976 Omnipotens
456 1899 632 1975 sempiterne
646 1900 737 1971 Deus,
749 1898 953 1956 infirmitatem
963 1905 1095 1957 nostram
1108 1900 1256 1977 propitius
1266 1903 1391 1979 respioe;

188 1989 276 2058 atque
289 1982 326 2039 ad
346 1980 557 2056 protegendum
571 1999 624 2037 nos
641 1981 793 2037 dexteram
811 1986 870 2037 tuae
885 1981 1046 2056 majestatis
1060 1983 1194 2040 extende.
1251 1983 1311 2040 Per
1333 1983 1391 2042 Do-

188 2082 311 2121 mmum.

246 2143 295 2200 Ad
310 2144 459 2201 Romanos
472 2141 542 2218 (att.
560 2142 677 2219 16-21).

247 2225 382 2282 Fratres:
404 2223 508 2280 Nolite
525 2242 586 2280 esse
600 2223 758 2300 prudentes
771 2223 849 2299 apud
862 2223 1054 2299 vosmetipsos
1068 2242 1158 2299 usqae
1177 2226 1219 2282 ad
1239 2226 1291 2283 sed
1304 2227 1391 2285 vinee

187 2307 219 2363 in
233 2306 310 2363 bono
324 2304 444 2362 malum.

250 2385 384 2444 Grudak.

247 2467 407 2523 Timebunt
436 2471 538 2542 gentes
564 2485 672 2522 nomen
698 2472 794 2538 tuum,
823 2466 974 2523 Domine:
1009 2471 1040 2524 et
1067 2485 1167 2524 omnes
1193 2487 1277 2546 reges
1303 2474 1391 2527 terrae

188 2547 312 2624 gloriam
332 2553 422 2603 tuam.
1094 2586 1096 2589 v

194 2630 222 2686 V.
247 2628 393 2698 Quoniam
407 2626 563 2684 aedificavit
577 2626 723 2683 Dominus
737 2627 824 2685 Sion:
847 2634 877 2685 et
890 2627 1040 2686 videbitur
1052 2628 1085 2684 in
1098 2629 1253 2704 majestate
1267 2651 1328 2689 sua.

249 2707 395 2783 Alleluya.
456 2707 483 2764 ll
514 2707 661 2764 Dominus
684 2709 827 2784 regnavit,
853 2709 968 2766 exultet
991 2715 1087 2766 terra:
1121 2709 1263 2768 laetentur
1285 2711 1390 2771 insnlae

190 2789 298 2846 multae.
1109 2821 1112 2825 ·

248 2868 415 2928 Seoamlara
428 2868 603 2926 Martiarum
616 2868 694 2947 (etit.
715 2869 808 2946 1-13).
1042 2930 1047 2940 ,

249 2950 289 3007 In
310 2949 362 3007 illo
385 2955 524 3025 tempore,
546 2949 620 3006 (lum
644 2950 839 3008 descendisset
860 2949 947 3008 Jesus
975 2951 1011 3009 de
1038 2958 1140 3010 monte
1163 2971 1254 3028 usqae
1281 2956 1324 3013 ud
1356 2955 1397 3013 Et

189 3038 309 3088 sanatus
323 3036 367 3088 est
380 3050 453 3107 puer
467 3030 499 3086 in
513 3028 564 3087 illa
579 3031 658 3089 hora.

251 3111 447 3185 Offertoriam.

250 3193 383 3250 Dextera
404 3192 527 3249 Domini
546 3193 615 3250 feeit
629 3194 789 3251 virtutem:
812 3193 935 3251 dextera
949 3194 1073 3251 Domini
1087 3195 1233 3254 exaltavit
1246 3216 1311 3254 me:
1335 3217 1397 3256 non

191 3275 308 3347 moriar,
323 3273 372 3330 sed
386 3274 495 3346 vivam,
511 3279 542 3331 et
555 3275 680 3331 narrabo
694 3294 782 3350 opera
796 3274 927 3331 Domini.

252 3355 372 3414 Secreta.

253 3436 329 3493 Haeo
342 3435 446 3506 hostia,
462 3435 598 3507 Domine,
615 3455 789 3511 quaesumus,
805 3435 945 3493 emundet
962 3441 1063 3493 nostra
1079 3437 1194 3510 delicta,
1210 3442 1241 3495 et
1255 3439 1293 3496 ad
1312 3441 1399 3498 saeri-

193 3518 293 3575 fioium
306 3516 511 3574 celebrandum
523 3516 710 3574 subditorum
723 3518 780 3573 tibi
793 3536 913 3594 corpora
927 3523 1097 3593 mentesque
1112 3518 1283 3578 sanctificet.
1342 3518 1400 3579 Pe'r

196 3599 359 3656 Dominum
372 3603 515 3655 nostrum.

256 3678 404 3753 Prusatio.
449 3679 526 3748 Quia
539 3697 592 3754 per
604 3678 758 3735 incarnati.

259 3759 441 3818 Ooarmaaio.

258 3841 448 3897 Mirabantur
460 3859 561 3897 omnes
574 3840 610 3897 de
623 3839 670 3926 his
683 3859 748 3915 quae
761 3839 957 3915 procedebant
970 3839 1007 3897 de
1021 3860 1070 3898 ore
1084 3840 1150 3898 Dei

259 3931 501 3990 Posteoramuaa’o.

260 4011 349 4083 Quos,
364 4011 500 4084 Domine,
515 4013 609 4071 tantis
622 4012 737 4088 largiris
751 4013 798 4069 uti
813 4013 981 4089 mysteriis3
1002 4034 1176 4090 quaesumus,
1192 4022 1228 4074 nt
1249 4017 1403 4076 effectibus

200 4112 300 4151 eorum
314 4112 367 4148 nos
380 4093 523 4150 veraciter
535 4100 636 4171 aptare
650 4093 785 4169 digneris.
829 4095 887 4152 Per
901 4094 1064 4152 Dominum
1077 4103 1220 4156 nostrum.

674 4291 773 4348 Fran
795 4291 933 4361 Qunam.

260 4418 309 4476 Ad
325 4418 459 4475 Hebraeos
477 4417 538 4495 (iii.
556 4418 606 4476 1-6
609 4421 633 4495 ).

259 4501 378 4558 Fratres
392 4521 397 4556 :
419 4498 609 4556 Considerate
622 4501 787 4577 apostolum
800 4521 890 4576 usque
904 4503 944 4560 ad
957 4502 1072 4560 firmam
1086 4509 1246 4565 teneamus.
