2926 4996
438 377 623 444 Dominioa
636 378 679 443 in
693 377 816 444 Ramis
829 377 1043 443 Palmara'rn.
1293 380 1335 446 87
1410 415 1413 420 -

135 544 472 623 apparatissimos
486 555 558 604 tenet
571 546 722 621 Presbpter
761 544 911 604 Sacerdote
925 545 1021 602 vestito
1038 553 1064 602 et
1081 552 1182 620 sapato
1202 543 1237 601 in
1255 543 1339 620 Capa

134 629 168 686 in
196 628 324 686 tentorio,
380 627 421 683 Et
448 627 582 684 similiter
609 626 721 686 Clarae
761 635 895 702 arpentea
903 646 959 701 per
968 625 1134 683 orientalem
1142 634 1259 700 partem
1269 625 1341 700 aas·

134 710 235 768 adoret
244 709 406 767 terdioens:
420 708 536 784 Dignus
546 728 584 780 ea,
595 708 723 765 Domine
763 709 829 765 dem
843 706 939 778 caria,
952 727 1017 764 caeni
1030 706 1125 781 pallio
1140 707 1260 782 desuper
1272 726 1340 781 por-

136 791 217 847 Deus
244 795 353 860 noster,
382 789 511 865 accipere
538 789 662 867 gloriam
690 796 720 846 et
762 797 821 845 tato
843 809 862 844 a
882 786 995 845 daotns
1015 787 1156 844 Diaconis
1179 795 1205 844 et
1228 788 1342 844 daobas

134 871 294 942 honorem,
315 880 342 928 et
355 879 453 928 cetera.
761 868 917 943 Aeolptleis,
927 868 1154 944 praecedentibus
1167 867 1279 925 dnobus
1291 865 1340 926 Ce-

761 948 922 1023 roferariis‚
937 948 1048 1006 daotas
1060 947 1226 1022 Picariferis
1235 957 1261 1004 et
1271 949 1341 1006 dno

763 1032 816 1088 bas
860 1027 877 1059 l
925 1039 951 1086 et
974 1030 1086 1086 dachas
1108 1029 1250 1088 Diaconis
1274 1049 1340 1086 cani

761 1111 864 1169 toreliis
894 1131 984 1184 asqae
1015 1111 1055 1166 ad
1088 1110 1240 1167 stationem
1265 1130 1341 1184 proe-

762 1193 872 1250 dietam
905 1190 1061 1265 deferatur.
1124 1190 1228 1248 Postea
1262 1191 1341 1247 dicat

763 1272 906 1330 Enecator
932 1270 1031 1345 Officii,
1058 1292 1134 1345 pena
1156 1271 1235 1346 βααα
1260 1271 1341 1327 trina

763 1354 830 1423 eice,
855 1353 943 1409 istam
968 1361 1058 1409 totam
1081 1351 1289 1426 Antipleonam,
1315 1361 1342 1408 et

764 1434 909 1491 cantando
927 1442 1069 1506 resnrpat,
1086 1432 1203 1507 Dignus
1222 1452 1261 1503 es,
1280 1432 1340 1489 Do-

764 1513 844 1571 mine
866 1513 956 1571 Deus.
999 1513 1103 1570 Postea
1127 1513 1240 1571 Otrerae
1264 1513 1343 1570 simi

764 1594 829 1652 liter
840 1593 947 1668 faeiat.
990 1594 1054 1651 Hoc
1076 1603 1117 1651 ter
1131 1597 1191 1668 βαι
1208 1614 1228 1651 α
1244 1593 1341 1653 Sacer-

764 1676 828 1734 dote
842 1685 868 1733 et
881 1696 901 1732 a
916 1672 1033 1752 Chora]

199 1779 282 1837 Pano
296 1780 393 1837 redeat
406 1778 544 1836 Sacerdos
558 1799 623 1836 cani
639 1777 901 1857 CorporeDomini
914 1788 940 1837 et
958 1779 1095 1836 Ministri
1108 1778 1170 1854 ejas
1186 1778 1220 1836 in
1233 1778 1341 1837 Eccles-

135 1860 198 1917 iam
212 1881 268 1935 per
289 1862 408 1917 earnem
421 1860 501 1916 aiam
515 1880 570 1934 per
584 1880 674 1934 qaam
686 1869 831 1919 venerant.
875 1859 1001 1918 Interim
1013 1863 1073 1934 βαι
1087 1880 1185 1917 sermo.
1228 1859 1340 1918 Deinde

126 1941 218 2015 finito
239 1961 374 2011 sermone,
389 1949 415 1997 et
432 1940 563 1998 'Contere
583 1940 738 2016 incipiente
760 1940 969 2017 Antinianam,
992 1941 1067 1998 (lum
1092 1940 1340 2016 appropinquaret

134 2021 283 2079 Dominus
308 2021 546 2097 Hierosolymam
569 2022 652 2079 misit
677 2023 749 2079 duos
773 2042 812 2080 ex
835 2023 986 2098 discipulis
1016 2023 1076 2079 suis
1101 2022 1206 2093 dicens,
1233 2022 1282 2079 Ite
1308 2022 1340 2079 in

134 2102 299 2172 castellum,
776 2170 779 2175 ἱ

196 2183 270 2239 Edd.
298 2192 324 2240 et
349 2182 413 2240 Ms.
438 2183 719 2258 B.—proprediatar
821 2181 898 2263 [MS.
916 2182 1090 2240 D.—Eaeat
1103 2183 1245 2258 processio
1260 2183 1337 2240 eirca

129 2264 272 2339 processio
299 2263 376 2322 circa
397 2264 722 2342 Ecclesiamlcantando
762 2263 920 2322 Ecclesiam
944 2285 1000 2339 per
1028 2273 1144 2339 partem
1172 2263 1339 2321 orientalem

133 2344 345 2419 Antipiormm.
759 2365 849 2419 nsqae
863 2346 903 2401 ad
917 2346 1022 2403 ostiam
1036 2345 1194 2402 occidental
1207 2341 1229 2424 .]

196 2425 273 2483 (lum
288 2426 537 2502 appropinquaret
551 2426 697 2483 Dominus
718 2425 964 2502 Hierosolymam,
981 2426 1061 2483 misit
1075 2426 1147 2481 duos
1161 2445 1199 2483 ex
1213 2425 1338 2502 discipu-

132 2507 170 2563 lis
180 2506 250 2576 suis,
262 2506 379 2563 dicens:
394 2507 441 2563 Ite
455 2507 652 2565 incastellum
664 2507 743 2582 quod
756 2513 859 2563 eontra
868 2527 920 2564 ros
934 2514 994 2578 est;
1015 2513 1045 2564 et
1055 2506 1212 2563 invenietis
1221 2506 1336 2582 pullum

132 2587 222 2644 asinae
245 2587 398 2664 alligatum
418 2607 606 2664 superquam
619 2588 719 2644 nullus
739 2587 893 2644 hominum
913 2588 1009 2661 sedit,
1029 2588 1143 2660 solvite,
1159 2593 1189 2644 et
1201 2587 1338 2645 adducite

138 2668 221 2726 mihi.
641 2710 643 2715 -

196 2748 229 2805 Si
240 2749 306 2824 quis
315 2769 367 2806 vos
378 2749 612 2825 interrogaverit,
625 2749 731 2806 dieite:
752 2749 833 2826 Opus
845 2749 968 2806 Domini
981 2756 1040 2807 est:
1056 2749 1201 2807 solventes
1211 2748 1339 2806 adduxe·

133 2835 206 2886 runt
220 2830 258 2886 ad
271 2831 293 2888 J
295 2849 385 2902 esum,
401 2836 431 2888 et
444 2831 648 2906 imposuerunt
668 2831 714 2886 illi
733 2831 916 2903 vestimenta,
933 2837 964 2888 et
981 2831 1057 2888 sedit
1077 2850 1264 2906 supereum:
1285 2829 1338 2886 alii

133 2911 361 2986 prosternebant
381 2913 556 2968 vestimenta
577 2931 629 2968 sua
649 2911 682 2967 in
697 2911 754 2984 via,
773 2911 825 2969 alii
840 2931 936 2968 ramos
958 2913 994 2969 de
1014 2913 1168 2968 arboribus
1188 2917 1336 2968 exsterne-

132 2991 221 3063 bant3
241 2993 334 3067 etqui
347 2993 546 3066 sequebantur
560 2992 744 3049 clamabant:
765 2992 927 3063 Hosanna;
948 2992 1126 3049 Benedictus
1140 2992 1193 3067 qui
1206 2991 1335 3048 venitin

132 3073 253 3129 nomine
267 3073 409 3144 Domini,
430 3073 624 3130 Benedictum
638 3092 761 3148 regnum
779 3074 871 3149 patris
892 3074 990 3130 David
1011 3074 1124 3146 nostri,
1145 3073 1289 3130 Hosanna
1301 3072 1334 3128 in

134 3153 265 3210 excelsis.
309 3152 450 3210 Miserere
464 3155 556 3225 nobis,
573 3154 633 3210 Fili
647 3153 753 3211 David.

194 3234 448 3291 Paraetacene
462 3233 641 3309 Antipleona,
656 3235 808 3292 addantar
825 3235 1017 3311 Responsoria
1036 3231 1189 3314 [eaipentia
1209 3233 1331 3305 itineris,

135 3313 200 3372 MS.
217 3312 270 3395 D]
286 3314 433 3371 Dominus
445 3314 467 3372 J
469 3335 542 3375 esus.

193 3395 495 3472 Ii.-(logitaverunt.

194 3476 352 3534 Ii.—Oum
365 3477 500 3533 audisset.

193 3557 234 3613 Ilt
243 3558 304 3614 alia
313 3557 512 3632 desponsata,
524 3558 632 3633 siopas
632 3557 738 3632 faerit.
763 3555 815 3638 [Ει
823 3558 864 3616 iti
870 3562 923 3633 βαι
931 3557 1057 3615 sectanda
1066 3555 1267 3615 statio—MS.
1278 3554 1331 3636 D.]

196 3637 274 3696 Cam
287 3647 385 3695 antem
399 3640 439 3694 ad
449 3640 649 3713 portassetis,
661 3638 1001 3697 aelestiamoccidentalc
1012 3637 1152 3709 Ecclesiae,
1163 3647 1333 3713 peroratam

123 3717 231 3791 faerit,
244 3719 286 3775 ibi
299 3719 437 3776 ordinata
447 3720 633 3794 processione,
648 3720 772 3795 incipiat
784 3719 895 3778 Cantor
908 3719 1138 3794 Responsoriam.

195 3798 386 3875 Collegerunt
412 3799 571 3857 Pontifices
598 3807 628 3857 et
656 3801 796 3857 Pharisaei
820 3801 985 3872 concilium,
1011 3807 1040 3856 et
1065 3800 1221 3857 dicebant:
1254 3799 1333 3869 Quid

133 3879 280 3945 faciemus,
296 3881 366 3956 quia
378 3881 426 3936 hio
439 3881 527 3937 homo
541 3881 636 3937 multa
650 3883 732 3958 signa
746 3881 834 3952 sacit;
858 3883 882 3937 si
896 3881 1074 3937 dimittimus
1088 3900 1155 3936 eum
1169 3882 1218 3953 sio,
1234 3899 1334 3937 ornnes

132 3961 253 4017 credent
270 3962 304 4017 in
318 3981 394 4030 eum,
410 3967 440 4018 et
460 3962 536 4019 forte
555 3962 677 4020 venient
698 3962 835 4035 Romani,
855 3968 885 4019 et
904 3961 1011 4018 tollent
1030 3968 1164 4018 nostrum
1185 3961 1282 4019 locum
1303 3968 1334 4018 et

132 4047 260 4117 gentem.

194 4123 264 4180 Tres
292 4123 400 4181 Vioarii
434 4133 500 4180 ante
523 4124 630 4181 ostiam
652 4123 785 4183 Ecclesia
805 4123 907 4182 hatita
925 4143 985 4180 non
1013 4132 1125 4180 matato
1148 4123 1273 4182 conversi
1293 4123 1333 4180 ad

127 4203 380 4278 populana-MS.
398 4204 426 4260 D
456 4205 556 4261 dicant
576 4205 701 4262 Vasam

192 4284 283 4342 Unus
296 4291 397 4341 antem
408 4305 445 4342 ex
455 4285 534 4360 ipsis,
546 4284 672 4362 Oaiphas
685 4287 814 4357 nomine,
827 4304 894 4342 cum
904 4290 980 4347 esset
993 4284 1135 4356 Pontifex
1156 4285 1229 4342 anni
1240 4284 1330 4361 illius,

129 4363 322 4441 prophetavit
335 4365 448 4423 dicens:
463 4365 594 4442 Expedit
606 4367 698 4438 vobis,
710 4372 745 4424 ut
758 4386 835 4429 unus
846 4367 990 4423 moriatur
1002 4367 1090 4424 homo
1104 4386 1157 4442 prs
1170 4365 1286 4442 popul0,
1299 4365 1332 4421 'et

128 4464 191 4503 non
214 4451 282 4503 tota
304 4465 376 4522 gens
399 4452 507 4523 pereat.
550 4448 601 4504 Ab
625 4446 677 4504 illo
701 4467 769 4524 ergo
791 4447 838 4504 die
860 4448 1065 4523 cogitaverunt
1086 4448 1250 4504 interficere
1264 4464 1331 4523 eum

489 4558 503 4585 ι’
518 4556 541 4600 A
552 4556 618 4602 word
629 4556 650 4602 is
660 4557 716 4603 here
726 4557 825 4602 omitted
834 4556 860 4602 in
870 4557 974 4603 ahons,
