2926 4996
235 316 525 383 00001010101101100
549 315 647 380 Circa
669 315 813 380 Missam
837 315 1085 381 Celebrundnm.
1200 317 1260 380 xlv

537 526 778 584 DECEMBER.

244 644 357 712 Quaerit
371 643 478 699 habere
492 641 590 698 cibum
605 660 725 716 porcum
738 640 894 696 mactando
908 641 1077 697 December.

278 749 426 824 Septimus
440 747 597 823 exsanguis
612 767 618 802 :
642 747 756 802 rivosus
770 746 872 816 denua,
887 751 922 801 ut
936 746 1048 821 anguis.

55 857 226 914 December
247 857 336 912 habet
361 855 422 912 dies
443 854 526 910 xxxi.
534 874 543 925 3
564 853 651 910 Luna
665 873 736 910 vero
750 873 823 910 xxx.
869 852 940 908 Nox
955 853 1045 910 habet
1059 853 1146 909 horas
1160 852 1243 909 xviii.
1251 873 1261 924 ,·

141 938 204 993 dics
219 956 290 994 vero
303 936 341 992 vi.

267 1050 351 1106 Sanae
365 1056 436 1106 sunt
450 1049 590 1106 membris
604 1047 704 1104 calidae
718 1067 764 1103 res
778 1066 878 1103 mense
892 1048 1062 1104 Decembris
1075 1068 1083 1118 3

264 1131 370 1206 Frigus
384 1133 514 1187 vitetur:
536 1129 668 1204 capitalis
681 1148 756 1184 vena
769 1133 882 1184 secetur
895 1147 904 1199 3

265 1211 351 1268 Lotio
365 1211 404 1266 sit
421 1231 498 1267 vana
512 1230 519 1280 3
542 1211 592 1266 sed
606 1210 682 1265 vasis
696 1210 808 1284 potatio
822 1228 889 1265 cara
902 1229 909 1278 ;

264 1293 310 1349 Sit
323 1293 440 1367 tepidus
453 1299 539 1366 potus
552 1290 654 1366 frigori
667 1291 831 1347 contrarius
844 1296 933 1346 101110.

100 1732 502 1791 CONSIDERATIONES
524 1731 655 1789 cinca
677 1730 842 1787 Missam
864 1730 1219 1788 CELEBRANDAMe

102 1887 242 1943 Sacerdos
263 1886 461 1942 celebraturus
480 1887 562 1961 prius
590 1891 658 1941 ante
683 1886 805 1962 semum)
827 1891 930 1960 penset
950 1905 1014 1961 quae
1036 1887 1075 1942 sit
1096 1887 1261 1945 celebrandi*

60 1967 190 2024 intentio
202 1987 210 2039 3
224 1973 328 2023 utnon
338 1974 457 2042 propter
467 1987 573 2023 vanam
583 1966 715 2041 gloriam,
728 1965 850 2036 lucrum,
861 1967 1111 2039 consuetudinem,
1121 1975 1260 2026 01111010-

60 2049 200 2105 cundiam
215 2048 358 2119 celebret3
381 2049 430 2104 sed
443 2048 580 2104 intendat
592 2047 737 2122 praecipue
751 2047 868 2102 latriam
882 2047 1005 2103 Domini
1019 2048 1120 2118 colere,
1135 2056 1260 2106 mortem

60 2130 176 2187 Christi
197 2148 249 2184 seu
271 2130 434 2204 passionem
456 2128 590 2199 recolere,
614 2128 763 2184 ecclesiam
779 2133 873 2184 totam
893 2129 1014 2203 ejusque
1035 2129 1173 2201 membra,
1190 2150 1260 2205 prae-

59 2212 147 2285 cipue
161 2210 269 2284 quibus
283 2210 375 2285 magis
389 2210 533 2284 obligatus
547 2215 592 2265 est
606 2215 635 2264 et
654 2209 705 2283 qui
726 2209 792 2282 plus
806 2209 948 2283 indigent,
959 2210 1073 2283 juvare.
1117 2210 1260 2267 Intendat

59 2291 189 2365 denique
216 2291 329 2346 virtute
356 2291 529 2347 sacramenti
555 2296 585 2345 et
612 2289 745 2345 sacrificii
772 2308 801 2344 se
828 2295 1051 2345 consecuturum
1075 2299 1260 2364 peccatorum

58 2371 271 2441 remissionem,
301 2378 491 2447 augmentum
518 2371 625 2427 divinae
653 2369 827 2439 dilectionis,
856 2390 973 2445 suaeque
1001 2371 1121 2428 tandem
1149 2391 1260 2429 assecu-

58 2454 174 2510 tionem
188 2458 304 2508 aeternae
318 2452 488 2508 salvationis
501 2452 562 2508 sive
576 2450 806 2507 beatificationis.
1039 2519 1040 2524 Ἰ

103 2535 150 2590 At
164 2552 233 2588 vero
247 2538 282 2589 ut
296 2534 466 2608 praedictum
488 2533 575 2588 finem
590 2551 641 2588 seu
652 2532 723 2587 fines
737 2538 938 2606 consequatur,
951 2531 1030 2607 apud
1037 2551 1068 2588 se
1079 2534 1260 2592 considerare

59 2616 150 2671 debet
171 2613 259 2688 hujus
283 2614 417 2688 mysterii
438 2614 602 2684 veritatem,
617 2613 754 2668 videlicet
779 2612 848 2687 quid
872 2619 902 2668 et
926 2614 1116 2688 quis-[recipit.
1161 2615 1259 2683 Quid:

58 2695 272 2753 considerando
306 2695 349 2750 rei
382 2695 564 2770 dignitatem,
599 2693 846 2768 magnificentiam
870 2694 1051 2764 immensam,
1076 2696 1260 2770 majestatem

58 2784 152 2852 atque
165 2775 345 2832 ineffabilem
359 2775 543 2831 clementiam
557 2798 562 2831 :
584 2775 722 2849 quoniam
733 2774 780 2831 1110
791 2773 919 2830 sumitur
936 2794 1023 2831 verus
1041 2775 1130 2846 Deus
1142 2783 1261 2833 sanctus

58 2865 241 2928 sanctorum,
271 2877 325 2913 rex
352 2876 462 2931 regum,
492 2863 521 2912 01
553 2855 690 2911 dominus
716 2855 942 2927 dominantium,
968 2857 1021 2931 qui
1047 2876 1100 2913 sua
1127 2857 1260 2914 bonitate

59 2945 170 2996 cuncta
194 2938 314 3008 creavit,
339 2944 369 2993 et
392 2943 427 2993 ut
450 2943 557 2993 nostrae
581 2937 789 3010 redemptionis
810 2937 939 3011 pretium
960 2937 1024 2993 Deo
1038 2938 1116 3011 patri
1132 2938 1258 3010 offerret,

59 3019 264 3078 inaestimabili
278 3020 387 3094 pietate
407 3018 494 3074 homo
515 3017 609 3074 factus
630 3023 755 3073 mortem
775 3017 869 3073 crucis
888 3017 1021 3092 pertulit,
1037 3037 1124 3093 seque
1147 3038 1261 3076 sumen-

59 3102 135 3157 dum
148 3101 204 3158 hoc
218 3105 399 3157 sacramento
412 3099 445 3155 in
465 3100 527 3173 ejus
547 3098 689 3172 passionis
709 3097 879 3153 memoriam
900 3105 931 3154 et
950 3097 1130 3154 haereditatis
1144 3105 1261 3157 aeternae

60 3183 169 3257 pignus
182 3181 268 3238 nobis
281 3180 420 3236 instituit.
465 3179 580 3235 Deinde
595 3179 757 3235 consideret
768 3179 833 3253 quis
847 3179 887 3234 011
894 3178 955 3253 ipse
969 3180 1021 3254 qui
1035 3199 1149 3236 sumere
1160 3180 1261 3252 debet,

60 3264 133 3338 quia
147 3270 283 3320 creatura
296 3261 424 3317 humana
447 3266 477 3316 et
500 3260 652 3316 rationalis
665 3259 863 3334 spiritualium
877 3259 1009 3315 omnium
1023 3266 1167 3334 quantum
1181 3262 1261 3317 infir-

60 3343 160 3401 mi0r†
176 3350 296 3401 tantum
316 3341 471 3416 indignior.
513 3339 569 3396 Sic·
584 3341 677 3415 igitur
699 3341 892 3396 consideratio
914 3347 1021 3397 nostrae
1045 3341 1201 3416 pravitatis
1223 3341 1261 3398 ad

59 3426 199 3481 timorem
223 3430 253 3481 et
276 3422 471 3479 reverentiam
495 3427 627 3496 respectu
650 3427 741 3477 tantm
766 3420 926 3496 majestatis
946 3423 1076 3477 animum
1095 3421 1258 3478 inclinabit.

61 3506 143 3562 Nam
165 3507 191 3562 si
211 3505 304 3581 ipsius
327 3503 521 3573 clementiam,
536 3503 708 3573 bonitatem,
724 3508 754 3557 01
774 3503 961 3558 sanctitatem
985 3502 1179 3572 attendamus,
1202 3522 1260 3577 quo

61 3587 157 3661 major
180 3591 226 3643 est
248 3585 376 3659 dignitas
397 3603 449 3639 sua
469 3603 558 3658 quarn
579 3583 741 3658 indignitas
761 3589 870 3653 nostra,
885 3603 919 3639 00
937 3583 1000 3658 ipso
1015 3589 1150 3658 respectu
1167 3588 1280 3640 tantae,

61 3667 206 3725 bonitatis
220 3668 252 3722 in
267 3662 741 3721 0100101001(101011000100101111
761 3664 970 3720 accendemur:
991 3670 1027 3718 ut
1051 3670 1081 3719 et
1104 3663 1146 3718 ibi
1169 3663 1259 3721 simul

62 3748 102 3804 sit
129 3769 198 3804 cum
226 3746 333 3803 fiducia
360 3746 450 3802 timor
476 3764 535 3800 non
564 3745 686 3816 servilis,
708 3744 758 3801 sed
778 3764 846 3801 cum
865 3744 1133 3800 11010111101000101
1153 3744 1258 3803 filialis.

63 3828 170 3904 Sicque
183 3830 217 3884 in
231 3847 311 3903 spem
326 3826 529 3883 misericordiae
544 3825 753 3900 consequendae
770 3826 924 3901 erigemur,
939 3830 974 3880 ut
988 3824 1025 3880 ab
1039 3824 1101 3900 ipso
1115 3825 1261 3882 auxilium

63 3928 161 3967 secure
175 3908 366 3984 postulemus,
381 3908 433 3982 qui
447 3907 533 3976 dixit,
549 3906 647 3962 Petite
661 3912 691 3962 01
704 3906 869 3982 accipietis:
891 3905 1014 3980 quaerite
1034 3911 1065 3961 et
1084 3906 1258 3963 invenietis:

64 3991 141 4064 quod
166 3990 297 4046 maxime
316 3989 398 4044 nobis
422 3988 455 4043 10
478 3989 532 4044 hac
556 3987 703 4043 oblatione
727 3988 841 4063 assequi
865 3985 1039 4042 credendum
1065 3992 1117 4059 est,
1143 3988 1176 4043 in
1204 4007 1261 4062 qua

65 4071 195 4128 sacerdos
209 4089 264 4146 pro
278 4089 308 4126 se
323 4074 353 4125 et
366 4069 430 4126 aliis
444 4069 560 4125 veniam
574 4074 605 4124 et
618 4069 743 4144 gratiam
758 4067 794 4124 de
808 4086 923 4124 sursum
937 4067 1074 4142 postulat.

122 4199 134 4222 ¹
152 4198 206 4242 The
218 4195 434 4251 considerationes,
443 4209 470 4240 00
485 4195 540 4240 well
557 4195 633 4240 astho
644 4195 736 4251 Regula
750 4194 798 4239 and
812 4196 853 4238 1110
864 4194 953 4252 Prnyer
964 4195 1016 4240 that
1026 4195 1128 4253 follows,
1138 4210 1177 4240 010
1186 4197 1262 4242 found

68 4257 121 4316 only
130 4258 156 4302 in
167 4258 208 4301 1110
215 4255 312 4314 printed
324 4254 441 4310 Editicns,
451 4255 510 4300 with
520 4255 569 4299 this
579 4255 714 4311 exception,
724 4255 776 4299 11101
786 4254 825 4298 the
837 4255 929 4309 ltcguln
939 4254 960 4298 is
969 4255 1093 4300 cmbodied
1103 4256 1128 4299 in
1139 4257 1178 4300 1110
1190 4256 1262 4300 011100

68 4315 150 4360 1011110
166 4316 236 4360 First
252 4314 351 4371 bunday
361 4314 386 4358 in
402 4314 500 4359 Advcnt
517 4315 543 4358 in
561 4313 614 4357 MS.
626 4314 656 4368 D,
667 4313 726 4357 with
736 4314 776 4356 the
786 4312 891 4357 addition
901 4328 927 4358 as
938 4317 963 4358 to
975 4314 1112 4360 Vestments
1122 4315 1201 4360 which
1211 4313 1261 4358 will

69 4372 96 4417 be
104 4375 178 4420 found
189 4373 354 4430 immediately
364 4373 490 4430 following
500 4373 540 4417 1110
551 4372 650 4429 Regula,
660 4386 683 4430 p.
696 4371 763 4416 xlvii.

122 4450 135 4509 †
149 4449 358 4511 ma-quantum
367 4448 483 4494 infirmior
494 4453 517 4494 et
527 4448 643 4493 infirmior
654 4450 749 4492 tantum
759 4447 888 4505 indignior.
