2926 4996
498 358 602 423 Faria
615 357 656 424 ii.
669 356 899 444 posrfPaacea.
1238 357 1302 426 127

156 527 386 667 ssfflelratopppgtfist
400 612 431 665 et
444 607 567 692 quievit,
581 607 654 664 dum
667 611 834 684 resurgeret
846 604 1002 682 injudicio
1016 605 1106 676 Deus,
1120 605 1255 682 alleluya

156 701 288 859 gregeiiiii,
317 801 497 859 quaesumus,¹
517 780 655 854 Domine,
680 799 780 857 preces
806 779 910 857 populi
935 781 983 838 tui
1010 801 1076 838 eum
1104 781 1303 839 oblationibus

111 865 269 936 ‚ostiarum,
286 871 321 920 ut
334 862 519 939 paschalibus
531 862 659 920 initiatae
678 862 833 938 mysteriis,
848 864 886 921 ad
908 863 1084 920 aeternitatis
1103 863 1189 920 nobis
1209 863 1303 920 mede-

111 964 163 1014 am,
178 951 208 1002 te
222 951 371 1021 operante,
387 944 550 1020 proficiant.
593 943 653 1000 Per
666 942 838 1000 Dominum.
913 1008 914 1011 Ἰ

158 1037 308 1114 Praefatio.
344 1037 386 1095 Et
399 1044 430 1095 te
444 1035 571 1114 quidem.
606 1035 699 1112 Iafre
711 1022 870 1098 Actionem.
904 1037 1162 1096 Communioantes
1175 1045 1200 1096 61
1213 1037 1303 1095 Hanc

111 1119 197 1196 gitur,
212 1129 247 1177 ut
261 1139 359 1195 seipsa.

161 1215 342 1275 Communia.

160 1296 272 1355 Pascha
292 1303 427 1355 nostrum
447 1295 618 1354 immolatus
639 1301 684 1354 est
704 1296 850 1370 Christus,
866 1297 1011 1374 alleluya:
1031 1297 1133 1373 itaque
1151 1296 1303 1373 epulemur

111 1395 137 1432 n
148 1380 253 1455 asymis
267 1378 446 1436 sinceritatis
460 1384 490 1436 et
503 1378 647 1451 veritatis,
661 1377 797 1454 alleluya,
809 1379 947 1454 alleluya,
961 1378 1097 1454 alleluya.

163 1475 406 1536 Postoommeaio„
471 1549 474 1553 Ι

163 1555 305 1633 Spiritum
318 1556 412 1628 nobis,
427 1555 565 1627 Domine,
584 1562 643 1613 tuae
662 1555 795 1612 caritatis
813 1556 957 1630 infunde,
977 1563 1013 1613 ut
1027 1576 1100 1632 quos
1114 1555 1305 1614 sacramentis

111 1632 292 1695 Paschalibus
312 1637 435 1709 satiasti,
450 1642 503 1694 tua
522 1636 612 1694 facias
631 1637 742 1712 pietate
762 1637 927 1709 concordes,
970 1637 1029 1695 Per
1051 1638 1222 1696 Dominum
1265 1635 1305 1694 In

111 1716 215 1778 11111016
229 1719 361 1796 ejusdem
374 1718 503 1795 spiritus.

562 1911 664 1969 Fama
684 1911 838 1971 Saeuum.

160 2043 208 2100 Ad
229 2043 362 2099 Missam.
408 2040 547 2116 Officium.

160 2121 337 2181 Introduxit
350 2141 403 2180 ros
417 2122 564 2180 Dominus
581 2122 615 2179 in
636 2128 747 2180 terram
760 2123 903 2181 fluentem
916 2123 961 2181 lac
975 2130 1005 2181 et
1018 2123 1086 2197 mel,
1101 2123 1248 2200 alleluya:
1276 2131 1307 2181 et

111 2198 196 2262 ι11611
211 2204 336 2261 Domini
350 2223 464 2280 semper
477 2204 517 2261 sit
530 2204 563 2260 in
577 2224 626 2262 ore
640 2210 747 2277 vestro,
763 2204 899 2281 alleluya,
915 2205 1050 2281 alleluya

157 2302 306 2360 Pserimos.
832 2351 834 2355 ,

158 2381 354 2441 Confitemini
367 2381 497 2440 Domino
511 2382 651 2458 quon-iam
671 2383 787 2442 bonus:
818 2382 959 2459 quoniam
980 2383 1014 2439 in
1034 2383 1174 2440 saeculum
1195 2382 1307 2440 miseri-

111 2463 196 2522 ordia
211 2465 282 2540 ejus.

161 2557 272 2616 Oratio.
1181 2618 1183 2622 Α

160 2638 253 2712 Deus,
273 2637 326 2714 qui
345 2637 541 2695 sollemnitate
559 2637 689 2714 paschali
709 2638 820 2695 mundo
841 2638 970 2696 remedia
990 2638 1151 2711 contulisti,
1166 2638 1309 2715 populum

111 2727 194 2791 uum,
209 2739 386 2795 quaesumus,
401 2719 510 2776 caelesti
524 2720 601 2776 dono
621 2738 816 2795 prosequere:
844 2727 880 2776 ut
902 2726 933 2777 et
955 2720 1114 2795 perfectam
1138 2720 1307 2776 libertatem

111 2801 240 2877 :assequi
252 2806 409 2873 mereatur,
425 2806 456 2856 et
469 2800 507 2856 ad
520 2800 613 2856 vitam
627 2800 761 2876 proficiat
774 2801 991 2876 sempiternam.
1040 2801 1101 2858 Per
1115 2801 1285 2858 Dominum.

160 2894 256 2952 Lectio
277 2893 406 2951 Asterum
425 2893 628 2969 Apostolorum
648 2892 693 2970 (ee.
718 2894 833 2971 37-43).

161 2987 200 3044 In
220 2987 323 3044 diebus
343 2987 412 3058 illis,
427 2983 516 3044 Stans
536 2987 645 3043 Petrus
665 2986 698 3042 in
720 2986 817 3044 medie
841 2987 943 3064 plebis,
969 2988 1068 3060 dixit,
1100 2988 1170 3045 Viri
1192 2987 1306 3058 fratres,

116 3064 182 3125 sciris
195 3068 275 3144 quod
286 3069 398 3125 factum
411 3074 456 3125 est
466 3068 590 3124 verbum
604 3070 750 3143 usquead
763 3069 965 3127 remissionem
978 3076 1165 3145 peccatorum
1179 3069 1308 3144 accipere

120 3159 158 3216 per
170 3168 277 3206 nomen
291 3150 363 3225 ejus,
379 3168 479 3205 omnes
493 3148 546 3224 qui
559 3149 683 3206 credunt
697 3149 730 3205 in
744 3169 820 3207 eum.

169 3241 282 3299 Grodal
295 3286 301 3298 .

163 3322 234 3381 Haeo
249 3324 312 3380 dies
327 3343 416 3398 quam
430 3322 500 3380 fecit
514 3322 682 3380 Dominus:
703 3323 886 3381 exsultemus
901 3329 931 3380 et
948 3323 1083 3379 laetemur
1096 3322 1128 3379 in
1143 3343 1184 3380 ea.

125 3396 144 3492 l'.
165 3403 252 3462 Dicat
266 3423 346 3461 nune
361 3404 455 3462 Israel
468 3404 608 3481 quoniam
621 3403 716 3462 bonus
729 3425 735 3462 ε
757 3405 897 3480 quoniam
910 3404 943 3460 in
957 3404 1095 3460 saeculum
1108 3403 1308 3461 misericordia

118 3499 311 3643 eiusAsseluya,
359 3565 387 3624 V.
412 3567 521 3623 Nonne
535 3586 585 3624 601
597 3541 733 3623 nostrum
746 3565 851 3623 ardens
865 3571 929 3623 erat
943 3565 976 3622 in
989 3566 1074 3623 nobis
1089 3566 1160 3644 deJ
1161 3586 1222 3638 esu,
1237 3565 1309 3622 dum

113 3641 272 3722 loqueretur
285 3648 372 3705 nobis
384 3649 418 3704 in
431 3648 487 3706 via.

162 3751 327 3828 Sequentia.

182 3846 299 3903 Laudes
315 3845 463 3903 Salvatori
476 3865 546 3903 voce
560 3845 746 3902 modulemur
760 3845 892 3922 supplici,

183 3926 225 3984 Et
238 3927 354 3984 devotis
368 3927 502 3984 melodiis
516 3927 624 3984 caelesti
638 3926 768 3984 Domino
784 3927 947 4002 jubilemus
962 3926 1078 3984 Messias
1091 3947 1098 3983 τ

183 4007 243 4075 Qui
257 4008 386 4083 seipsum
400 4007 575 4079 exinanivit,
590 4014 626 4064 ut
639 4027 692 4065 nos
706 4001 836 4084 perditos
849 4007 989 4065 liberaret
1003 4004 1144 4065 homines

184 4087 281 4144 Carne
301 4088 426 4164 gloriam
445 4088 576 4145 Deitatis
590 4089 733 4162 occulens,
748 4089 855 4165 pannis
876 4089 989 4165 tegitur
1010 4089 1042 4144 in
1064 4108 1200 4164 praesepe,
1224 4089 1309 4147 mise-

264 4189 334 4226 rans
349 4169 487 4246 praecepti
497 4175 748 4245 transgressorem,
762 4171 879 4246 pulsum
893 4169 999 4245 patria,
1010 4170 1138 4245 paradisi
1152 4169 1306 4227 nudulum.

182 4249 306 4326 Joseph,
332 4249 445 4323 Mariae,
471 4251 602 4308 Simeoni
625 4251 770 4320 subditur,
794 4250 1022 4324 circumciditur,
1046 4256 1077 4308 et
1100 4250 1188 4327 legali
1211 4251 1309 4309 hostia

264 4331 427 4388 mundatur
440 4337 475 4389 ut
488 4337 631 4408 peccator,
645 4341 746 4390 nostra
761 4331 813 4409 qui
826 4331 909 4388 venit
927 4331 1060 4389 relaxare
1074 4332 1204 4390 erimina.

183 4411 270 4470 Servi
283 4412 376 4469 subiit
389 4433 493 4471 manus
506 4413 708 4489 baptizandus,
723 4419 754 4471 et
775 4412 886 4489 perfert
908 4412 1025 4471 fraudes
1047 4414 1214 4489 tentatoris,
1229 4413 1308 4491 fugit

266 4495 508 4571 persequentium
523 4494 641 4570 lapides,
