2926 4996
134 364 198 428 164
503 357 619 427 Oratio
641 359 752 426 eoacti
773 358 974 446 Augustini.

130 534 215 606 potes
227 527 323 587 facere
336 527 481 586 mundum
493 528 530 585 de
543 526 697 585 immundo
711 532 887 605 conceptum
906 527 1027 600 semiue,
1041 533 1072 587 et
1086 528 1123 587 de
1136 529 1337 606 peecateribus

128 610 227 687 justos
239 609 312 667 facis
325 614 355 667 et
368 614 491 666 sanctos.

194 690 253 749 Per
269 691 346 747 hanc
359 689 604 766 omnipotentiam
624 695 709 747 tuam
729 695 760 747 te
779 709 858 766 rogo,
874 689 999 748 concede
1020 689 1096 748 mihi
1116 691 1265 768 peccatori
1285 691 1338 750 hoc

132 771 247 830 caeleste
260 771 435 829 sacrificium
449 770 604 842 celebrare,
619 790 687 828 cum
700 770 807 828 timore
821 777 852 828 et
864 777 1001 844 tremore,
1017 791 1085 829 cum
1098 771 1195 830 cordis
1208 773 1338 850 puritate

133 858 165 911 et
177 852 374 927 lacrymarum
387 851 477 923 fonte,
493 870 561 908 cum
574 850 679 908 laetitia
692 851 842 926 spirituali
854 857 885 909 et
897 851 1005 928 gaudio
1019 852 1135 910 caelesti.

194 931 311 991 Sentiat
324 952 407 990 mena
420 951 485 990 mea
498 931 682 989 dulcedinem
701 932 877 989 beatissimae
895 933 1058 1009 praesentiae
1072 939 1141 1007 tuae,
1155 939 1188 992 et
1201 934 1339 996 excubias

131 1020 303 1074 sanctorum
322 1019 444 1071 tuorum
463 1013 497 1070 in
516 1011 643 1070 circuitu
662 1032 735 1070 meo.
778 1012 843 1091 Ego
857 1015 937 1071 enim
956 1033 1070 1072 memor
1082 1015 1260 1074 venerandae
1279 1035 1339 1093 pas

21 1148 25 1154 .
133 1095 225 1153 sionis
234 1101 294 1152 tuae
304 1094 408 1152 accedo
418 1093 456 1152 ad
466 1094 560 1151 altare
569 1099 665 1164 tuum,
678 1093 748 1150 licet
757 1099 901 1169 peccator,
913 1100 949 1152 ut
959 1095 1079 1153 offeram
1091 1094 1150 1153 tibi
1163 1095 1338 1155 sacrificium

133 1176 214 1253 quod
226 1182 261 1233 tu
275 1175 443 1246 instituisti,
459 1180 490 1233 et
503 1174 602 1232 offerri
619 1174 791 1250 praecepisti,
806 1174 839 1231 in
852 1176 1128 1234 commemoratione
1147 1176 1196 1234 tui
1209 1196 1264 1254 pro
1277 1196 1340 1236 nos-

133 1262 182 1314 tra
201 1257 303 1315 salute.
347 1255 468 1331 Suscipe
488 1274 557 1332 ergo
570 1251 660 1326 illud,
681 1274 787 1331 quaeso,
808 1274 921 1314 summe
939 1255 1038 1328 Pater,
1058 1276 1113 1334 pro
1133 1257 1271 1316 Ecclesia
1290 1264 1340 1316 tua

134 1343 237 1396 sancta
249 1343 280 1395 et
298 1335 407 1414 populo
424 1342 477 1394 tuo
491 1355 580 1412 quem
597 1335 780 1412 acquisivisti
797 1337 940 1413 sanguiue
957 1342 1016 1395 tuo.
1060 1335 1102 1395 Et
1115 1338 1168 1414 qui
1181 1357 1230 1396 me
1243 1358 1340 1416 pecea-

134 1424 230 1477 torem
242 1418 365 1476 intorte
379 1422 409 1474 et
423 1417 548 1474 eundem
563 1418 705 1493 populum
718 1416 848 1475 medium
863 1436 924 1475 esse
937 1417 1068 1489 voluisti,
1078 1418 1149 1476 licet
1162 1419 1196 1476 in
1209 1439 1259 1477 me
1271 1420 1340 1478 boni

134 1500 230 1576 operis
242 1518 304 1557 non
324 1498 456 1576 agnoscis
474 1497 688 1569 testimonium,
703 1497 831 1555 officium
851 1497 957 1556 saltem
976 1490 1203 1576 dispensationis
1223 1501 1340 1559 credita

134 1600 195 1638 non
209 1599 332 1651 recuses,
346 1598 400 1636 nec
412 1598 466 1656 per
478 1597 526 1635 me
540 1578 695 1655 indignum
716 1598 817 1636 eorum
835 1578 940 1636 salutis
952 1586 1054 1656 pereat
1066 1580 1198 1657 pretium
1210 1600 1267 1658 pro
1280 1581 1340 1659 qui-

134 1661 199 1733 bus,
214 1661 335 1718 victima
347 1659 452 1733 factus,
467 1659 604 1717 salutaris
618 1659 756 1736 dignatus
770 1679 800 1717 es
814 1679 875 1717 esse
887 1660 1061 1737 redemptio.

196 1740 318 1800 Profero
345 1760 422 1817 ergo,
450 1739 587 1812 Domine,
613 1740 639 1796 si
661 1740 791 1816 digneris
817 1740 964 1817 propitius
989 1742 1110 1814 intueri,
1132 1741 1341 1801 tribulationes

133 1822 275 1900 plebium,
289 1821 420 1898 pericula
432 1821 618 1898 populorum,
633 1822 818 1896 captivorum
831 1821 968 1898 gemitus,
983 1823 1116 1881 miserias
1129 1823 1338 1900 orphanorum,

134 1904 322 1962 necessitates
334 1902 564 1980 peregrinorum,
579 1902 709 1978 inopiam
722 1901 873 1976 debilium,
890 1902 1106 1980 desperationes
1122 1904 1338 1982 languentium,

134 1985 266 2042 defectus
279 2002 392 2056 senum,
406 1983 532 2059 suspiria
543 1984 697 2058 juvenum,
712 1989 782 2040 vota
795 1983 953 2060 virginum,
968 1984 1098 2043 lamenta
1110 1984 1290 2059 viduarum
1308 1991 1341 2044 tu

135 2065 216 2124 enim
231 2065 375 2123 misereris
389 2063 529 2137 omnium,
545 2063 682 2135 Domine,
697 2070 727 2121 et
741 2064 818 2121 nihil
831 2064 921 2122 odisti
934 2084 1036 2123 eorum
1050 2085 1115 2142 quae
1128 2065 1237 2124 fecisti

197 2145 363 2204 Memorare
383 2165 448 2221 quae
469 2145 509 2202 sit
522 2150 624 2202 nostra
637 2145 803 2202 substantia
810 2165 819 2218 ς
839 2151 874 2203 tu
888 2145 971 2204 Deus
984 2151 1137 2218 nosteros,
1152 2165 1191 2204 ne
1206 2146 1341 2206 irascaris

135 2227 229 2299 nobis,
244 2247 340 2303 neque
353 2225 577 2283 multitudinem
590 2225 737 2282 viscerum
751 2231 874 2284 tuorum
893 2225 1099 2285 misericordiae
1112 2234 1173 2285 tuae
1187 2246 1342 2305 supernos

135 2309 304 2380 contineas,
324 2328 385 2365 non
398 2308 478 2365 enim
491 2307 524 2363 in
534 2306 795 2382 justificationibus
809 2307 918 2364 nostris
930 2307 1145 2386 prosternimus
1158 2327 1261 2386 preces
1273 2316 1341 2368 ante

135 2390 241 2446 faciem
253 2395 346 2461 tuam,
362 2388 413 2447 sed
426 2389 459 2445 in
473 2386 711 2445 miserationibus
724 2388 785 2446 tuis
798 2388 908 2446 multis

196 2469 294 2528 Aufer
307 2489 325 2526 a
338 2469 432 2540 nobis,
447 2469 584 2540 Domine,
599 2468 772 2544 iniquitates
790 2475 913 2542 nostras,
929 2475 960 2528 et
977 2469 1077 2548 ignem
1095 2469 1198 2528 Sancti
1212 2469 1341 2548 Spiritus

135 2550 169 2608 in
182 2551 267 2608 nobis
281 2550 441 2608 clementer
454 2549 585 2607 accende.
629 2549 726 2606 Aufer
739 2568 789 2606 cor
805 2549 956 2627 lapideum
970 2550 1006 2609 de
1019 2570 1106 2610 carne
1125 2556 1238 2625 nostra,
1255 2558 1286 2610 et
1305 2553 1342 2610 da

136 2631 222 2689 nobis
242 2651 293 2689 cor
312 2650 460 2702 carneum,
475 2630 555 2706 quod
572 2635 603 2686 te
621 2630 734 2702 timeat,
749 2635 781 2688 te
799 2636 886 2701 amet,
900 2636 932 2689 te
948 2631 1061 2710 diligat,
1077 2631 1111 2689 in
1124 2637 1155 2690 te
1169 2631 1340 2706 delectetur,

136 2719 168 2770 te
195 2717 344 2788 sequatur,
366 2717 397 2769 te
419 2711 597 2788 perfruatur.
654 2711 789 2783 Oramus,
815 2711 952 2782 Domine,
976 2712 1164 2772 clementiam
1187 2718 1283 2788 tram,
1307 2722 1343 2772 ut

137 2793 280 2850 familiam
299 2787 392 2863 tuam,
410 2791 485 2850 sacri
505 2791 634 2848 nominis
652 2791 699 2848 tui
716 2791 810 2849 officio
831 2793 1060 2869 praestolantem,
1084 2813 1187 2852 sereno
1214 2796 1342 2873 aspicere

137 2873 266 2950 digneris
279 2873 374 2945 vultu,
391 2877 421 2929 et
435 2878 469 2929 ut
486 2871 598 2929 nullius
615 2872 655 2948 sit
672 2871 791 2929 irritum
809 2879 922 2946 votum,
937 2873 1050 2932 nullius
1062 2894 1157 2933 vacua
1171 2876 1342 2953 postulatio,

136 2960 173 3012 tu
185 2955 271 3011 nobis
284 2973 385 3030 preces
398 2971 526 3030 suggere,
543 2972 615 3029 quas
628 2953 691 3029 ipse
704 2953 807 3011 audire
820 2953 966 3030 propitius
980 2960 1010 3012 et
1023 2956 1165 3014 exaudire
1178 2954 1341 3017 delecteris

198 3035 349 3112 Rogamus
361 3040 392 3092 te
405 3034 503 3104 etiam,
517 3034 594 3091 bone
607 3033 629 3091 J
630 3053 691 3105 esu,
700 3053 754 3111 pro
767 3034 920 3110 spiritibus
934 3035 1065 3095 fidelium
1079 3036 1297 3112 defimotorum,
1308 3044 1344 3097 ut

137 3115 177 3174 sit
200 3115 260 3173 illis
284 3115 403 3187 sanitas,
421 3114 508 3186 salus,
526 3115 666 3192 gaudium
687 3121 717 3172 et
736 3114 930 3193 refrigerium.
972 3115 1042 3175 Hoc
1061 3137 1205 3194 magnum
1224 3120 1345 3197 pietatis

137 3202 362 3270 sacramentum,
378 3197 461 3254 Deus
474 3215 563 3269 meua,
579 3195 619 3253 sit
632 3195 692 3252 illis
711 3195 799 3254 hodie
819 3215 959 3274 magnum
979 3196 1101 3274 plenum
1114 3199 1287 3259 convivium
1307 3201 1344 3260 de

137 3284 177 3350 te,
191 3299 267 3356 pane
280 3278 358 3351 rivo,
375 3277 427 3354 qui
441 3277 477 3334 dc
490 3277 561 3335 caelo
581 3276 765 3348 descendisti,
782 3283 813 3335 et
827 3277 879 3334 das
892 3278 986 3336 vitam
1006 3279 1118 3337 mundo
1131 3279 1168 3337 de
1180 3285 1237 3340 tua
1255 3301 1345 3340 carne

137 3366 239 3420 sancta
259 3365 290 3417 et
309 3358 472 3430 benedicta,
487 3359 557 3435 agni
569 3357 708 3415 videlicet
727 3357 910 3416 immaculati
923 3359 976 3435 qui
988 3359 1070 3418 tollit
1088 3366 1211 3437 peccata
1227 3363 1342 3434 mundi,

137 3461 204 3518 quae
218 3441 254 3498 de
267 3446 368 3498 sancto
388 3439 520 3517 gloriosae
534 3438 657 3515 virginis
678 3437 784 3496 Mariae
799 3445 885 3496 utero
899 3444 944 3498 est
956 3447 1116 3519 assumpta,
1131 3447 1163 3500 et
1175 3441 1215 3502 de
1228 3442 1345 3521 Spiritu

24 3518 27 3523 ’
137 3522 246 3580 Sancto
267 3525 407 3597 concepta
418 3540 427 3592 ;
449 3519 486 3578 de
498 3520 550 3576 illo
571 3519 693 3596 inquam
712 3519 832 3596 pietatis
851 3520 934 3578 fonte
954 3520 1007 3597 qui
1019 3540 1073 3598 per
1084 3521 1219 3582 lanceam
1239 3524 1347 3583 militia

137 3623 176 3661 ex
195 3609 248 3660 tuo
269 3602 452 3661 sanctissimo
471 3600 564 3658 latere
580 3600 706 3658 feliciter
725 3600 875 3658 emanavit
895 3606 931 3659 ut
950 3601 1058 3660 exinde
1070 3603 1175 3661 refecti
1188 3610 1221 3663 et
1233 3606 1349 3677 satiati,

136 3683 301 3759 refrigerati
314 3689 344 3741 et
357 3681 508 3753 consolati,
524 3681 675 3739 exsultent
688 3681 721 3738 in
734 3681 822 3739 laude
835 3687 866 3739 et
879 3681 973 3758 gloria
985 3688 1047 3740 tua.
1080 3710 1083 3715 ·

198 3765 245 3823 Tu
258 3764 337 3822 enim
350 3761 455 3821 dixisti
468 3781 517 3820 ore
532 3768 587 3820 tuo
606 3767 707 3820 sancto
727 3768 758 3820 et
778 3761 932 3820 benedicto
941 3781 951 3835 ;
972 3762 1062 3821 Panis
1082 3783 1172 3841 quem
1192 3786 1247 3845 ego
1267 3766 1345 3827 dabo

136 3865 204 3904 caro
218 3865 284 3904 mea
300 3851 346 3903 est
365 3864 419 3922 pro
439 3843 538 3901 saeculi
552 3843 615 3900 vita
624 3863 632 3914 3
653 3844 678 3900 si
698 3844 765 3920 quis
781 3843 1006 3902 manducaverit
1025 3864 1063 3902 ex
1083 3844 1140 3904 hoc
1158 3865 1247 3924 pane,
1260 3848 1343 3906 vivet

136 3927 169 3984 in
192 3934 345 3986 aeternum.
398 3925 490 3984 Panis
511 3924 686 3997 dulcissime,
706 3943 778 3982 sana
795 3924 1048 4001 palatumcordis
1065 3926 1134 4000 mei,
1156 3933 1194 3986 ut
1216 3929 1339 3988 eandm

136 4008 314 4066 suavitatem
333 4005 443 4065 amoris
455 4005 509 4064 tui.
551 4005 630 4064 Sana
643 4024 712 4063 eum
725 4006 763 4062 ab
777 4000 859 4062 omni
879 4005 1028 4084 languore,
1043 4012 1080 4065 ut
1098 4007 1217 4067 nullam
1235 4016 1340 4089 prater

137 4094 167 4146 te
181 4090 290 4146 sentiat
304 4087 499 4146 dulcedinem.

197 4169 288 4227 Panis
308 4168 521 4240 candidissime,
535 4166 646 4225 habens
659 4186 745 4226 omne
759 4166 1008 4227 delectamentum
1021 4172 1052 4227 et
1070 4188 1191 4230 omnem
1210 4191 1244 4231 sa
1374 4224 1380 4233 .

136 4251 300 4322 suavitatis,
316 4251 368 4327 qui
387 4269 442 4307 nos
461 4248 556 4307 reficis
576 4268 691 4326 semper
703 4254 734 4307 et
753 4248 787 4306 in
807 4254 839 4306 te
858 4269 1012 4326 nunquam
1031 4250 1141 4326 deficis,
1157 4188 1335 4312 comm

136 4350 186 4389 cor
199 4350 307 4403 meum,
322 4336 353 4388 et
366 4329 520 4388 dulcedine
534 4329 644 4406 saporis
658 4329 704 4388 tui
717 4329 889 4406 repleantur
900 4330 1013 4389 viscera
1025 4331 1132 4390 animae
1146 4352 1228 4394 mcae.

196 4411 360 4469 Manducat
381 4416 412 4469 te
433 4410 554 4487 augelus
575 4411 663 4488 pleno
684 4430 735 4468 ore
744 4431 754 4484 3
774 4411 933 4469 manducet
952 4417 983 4470 te
999 4412 1174 4490 peregrinus
1186 4414 1275 4476 homo
1287 4429 1332 4493 pm

57 4562 60 4576 ι
135 4493 255 4552 modulo
268 4511 329 4565 suo,
343 4510 381 4551 ne
394 4490 515 4549 deficere
528 4491 620 4568 possit
633 4493 666 4549 in
679 4491 738 4564 via,
752 4490 807 4550 tali
819 4497 967 4551 recreatus
979 4493 1096 4554 viatico.
