2926 4996
480 372 528 437 [a
542 373 729 438 nativitate
743 373 898 439 nomino.
1235 352 1292 440 '15

151 541 228 598 Haee
250 541 322 619 dicit
344 540 512 613 Dominus3
543 540 674 616 Populus
694 541 828 617 gentium
849 541 902 617 qui
921 540 1092 599 ambulabat
1112 542 1145 599 in
1165 543 1295 600 tenebris

88 624 236 697 usquead
249 641 267 678 a
280 622 366 679 modo
380 629 411 679 et
424 623 456 678 in
470 622 688 698 sempiternum.
1080 660 1087 671 »

151 702 256 760 Finita
268 702 410 773 Lectione,
425 702 486 760 siue
499 703 651 760 intervallo
665 703 777 777 ὡραίαν
790 703 896 760 ibidem
910 702 1050 778 Epistola.

151 783 202 841 Aa
220 784 320 841 Titum
334 783 383 860 (ii.
402 783 518 860 11-15)

153 864 326 921 carissime:
349 863 501 940 Apparuit
520 864 615 940 gratia
634 864 693 921 Dei
713 884 803 938 usque
824 866 864 921 od
884 870 915 922 et
935 865 1100 937 exhortare,
1123 864 1156 921 in
1175 865 1293 924 Christo

88 946 113 1003 J
115 965 167 1003 esu
180 945 310 1002 Domino
323 952 432 1001 nostro.

129 1025 281 1164 SGroclale
296 1023 342 1106 [ia
356 1025 473 1101 pulpito
487 1026 604 1083 dicotur
617 1046 637 1082 a
651 1026 762 1083 duobos
775 1025 963 1099 infestioribus
975 1026 1142 1084 Rectoribus
1157 1026 1297 1086 Obori.-

154 1105 264 1244 Teoiim
277 1187 456 1264 principium
469 1187 502 1243 in
516 1187 563 1245 die
576 1187 699 1244 virtutis
712 1193 771 1245 tnae
785 1187 817 1243 in
832 1187 1034 1263 splendoribus
1048 1194 1236 1246 sanctorum:
1258 1209 1296 1246 ex
1355 1250 1358 1259 ,

89 1274 179 1326 utero
192 1275 261 1326 ante
274 1268 429 1326 luciferum
442 1269 531 1344 genui
545 1275 583 1325 te.

98 1350 129 1406 V.
153 1349 241 1406 Dixit
264 1349 410 1406 Dominus
431 1349 562 1406 Domino
584 1369 667 1407 meo:
689 1349 763 1406 Sede
785 1369 803 1406 a
824 1348 937 1406 dextris
959 1350 1048 1407 meis:
1077 1348 1168 1407 donee
1189 1369 1296 1426 ponam

92 1428 228 1486 inimicos
241 1434 308 1487 tuos
322 1430 481 1487 scabellum
494 1431 603 1505 pedum
617 1436 744 1487 tuorum.

132 1509 283 1648 SGradule
303 1520 450 1586 repetatur
472 1509 509 1591 [et
530 1497 692 1569 ibidem'ob
715 1511 783 1568 aliis
805 1512 917 1568 duobus
939 1511 1108 1570 Rectorlbus
1131 1511 1298 1569 dicatur.—

154 1590 304 1748 Alleluya
353 1673 382 1730 V.
405 1672 552 1730 Dominus
572 1671 651 1729 dixit
671 1672 709 1729 ad
729 1692 785 1745 me,
806 1672 900 1730 Filius
920 1692 1002 1730 meus
1022 1694 1053 1731 es
1074 1680 1116 1747 tu,
1138 1693 1191 1750 ego
1211 1673 1298 1730 hodie

114 1753 185 1810 enui
198 1759 235 1811 te.

90 1773 114 1831 g
158 1831 322 1914 [Reimepto
335 1833 476 1910 Alleluya
489 1855 509 1891 u
522 1834 696 1907 doctoribus,
707 1836 869 1910 issmpiotur
878 1856 898 1892 a
907 1834 1076 1894 Surrentore
1090 1834 1298 1911 Septumio.—

154 1912 317 2072 Seqsieatia.

217 2077 299 2134 Nato
313 2082 424 2134 eanimt
438 2078 536 2134 omnia
549 2077 679 2134 Domino
694 2077 740 2153 pie
754 2078 878 2153 agmina,

218 2157 392 2233 Syllabatim
407 2165 566 2234 pneumata
580 2158 802 2233 perstringendo
817 2158 959 2233 organica,

218 2238 285 2295 Hae
299 2237 364 2295 die*
377 2244 498 2309 saerata,
514 2239 546 2295 in
560 2258 619 2314 qua
633 2258 709 2295 nova
723 2245 793 2295 sunt
805 2238 911 2314 gaudia
925 2239 1036 2296 mundo
1051 2238 1136 2315 plene
1150 2238 1272 2297 reddita.

219 2319 286 2376 Hae
300 2325 386 2376 noete
399 2319 536 2394 praecelsa
548 2319 681 2376 intonuit
695 2325 725 2376 et
738 2318 830 2394 gloria
844 2320 876 2375 in
890 2339 960 2376 voce
974 2320 1111 2395 angelica

217 2400 378 2457 Fulserunt
391 2406 422 2456 et
435 2400 575 2457 immania
588 2407 674 2456 noete
689 2400 784 2457 media
796 2400 962 2475 pastoribus
975 2400 1097 2458 lumina.

219 2481 300 2537 Dum
314 2482 415 2538 fovent
429 2500 482 2537 sua
495 2501 598 2556 pecora
612 2481 710 2538 subito
725 2481 792 2537 diva
806 2481 974 2557 percipiunt
988 2482 1109 2554 monita,

218 2561 334 2619 Natum
348 2562 426 2618 alma
438 2561 572 2638 Virgine,
588 2563 640 2637 qui
654 2568 738 2619 extat
752 2567 821 2618 ante
835 2562 959 2635 saeeula3

218 2642 274 2700 Est
287 2644 430 2700 immensa
443 2642 475 2698 in
490 2643 559 2699 eaelo
573 2642 675 2718 gloria,
692 2663 750 2719 pax
765 2650 795 2700 et
808 2643 841 2698 in
855 2649 941 2700 terra

219 2723 268 2780 Sic
281 2743 349 2800 ergo
364 2723 426 2780 oaeli
440 2729 557 2780 caterva
571 2723 712 2781 altissime
721 2724 842 2799 jubilat,

220 2804 261 2861 Et
273 2811 359 2862 tanto
373 2823 478 2861 canore
491 2810 591 2879 erepat
604 2804 665 2861 alta
678 2805 739 2880 poli
752 2804 896 2861 maehina.

220 2885 311 2943 Sonet
324 2891 355 2942 et
367 2905 419 2961 per
433 2885 531 2942 omnia
544 2884 599 2942 hac
612 2886 644 2941 in
658 2885 705 2942 die
718 2885 812 2961 gloria
824 2904 895 2942 voce
909 2885 987 2942 clara
1000 2886 1123 2947 reddita.

219 2965 362 3022 Humana
376 2973 551 3041 concrepent
566 2971 672 3023 cuneta
686 2966 784 3023 Deum
798 2971 900 3022 natum
916 2966 948 3021 in
963 2972 1049 3024 terra.

219 3046 377 3104 Confracta
390 3052 460 3103 sunt
474 3053 504 3103 et
517 3047 640 3122 imperia
654 3047 747 3103 hostis
760 3046 960 3103 erudelissima
971 3066 979 3118 3

219 3127 285 3184 Pax
298 3128 331 3184 in
345 3134 425 3184 terra
437 3128 561 3199 reddita,
576 3147 655 3184 nuno
668 3127 807 3184 laetentur
821 3127 919 3183 omnia
933 3127 1009 3184 Nati
1022 3147 1074 3204 per
1088 3128 1217 3186 exordia.

220 3207 306 3265 Solus
319 3209 371 3284 qui
385 3208 516 3265 condidit
531 3209 638 3280 omnia,

220 3289 305 3346 Solus
319 3290 371 3365 qui
386 3294 488 3346 tuetur
501 3289 608 3359 omnia,

220 3370 288 3447 Ipse
302 3389 355 3427 sua
368 3370 477 3446 pietate
491 3371 586 3427 solvat
600 3369 699 3427 omnia
711 3376 830 3445 peccata
842 3374 951 3427 nostra

157 3495 354 3569 Evaapelium
367 3515 387 3550 a
399 3493 531 3551 Dioeoao
538 3493 630 3568 jueta
643 3491 745 3550 Altare
759 3493 878 3568 ὡραίαν.

158 3575 326 3634 Secundum
340 3574 454 3632 Lucam
467 3576 515 3652 (ii.
536 3574 628 3652 1-14).
1308 3630 1309 3633 Ἴ

159 3657 199 3715 In
226 3657 278 3713 illo
305 3662 446 3731 tempore,
475 3655 561 3713 Exiit
583 3656 712 3712 edictum
734 3674 752 3711 a
775 3654 888 3712 Caesare
910 3653 1050 3730 Augusto
1071 3672 1161 3728 usque
1182 3653 1224 3710 ad
1239 3671 1305 3728 pax

94 3738 268 3796 hominibus
280 3737 364 3794 bonae
379 3736 548 3794 voluntatis.

159 3818 264 3876 Credo.

161 3898 353 3974 Offertorium.

159 3980 315 4038 Laetentur
328 3978 393 4036 caeli
406 3984 437 4036 et
449 3979 564 4037 exultet
578 3985 659 4036 terra
673 3984 742 4035 ante
756 3978 860 4035 faciem
875 3975 1017 4036 Domini:
1039 3975 1179 4053 quoniam
1193 3976 1282 4035 venit

160 4061 280 4120 Secreta.

160 4143 294 4218 Accepta
307 4140 364 4198 tibi
377 4141 425 4213 sit,
440 4142 576 4212 Domine,
592 4159 767 4217 quaesumus,
782 4139 931 4195 hodiernae
945 4138 1118 4196 festivitatis
1128 4139 1247 4212 oblatio,
1262 4145 1305 4210 ut,

99 4231 155 4281 tua
175 4224 270 4300 gratia
289 4222 441 4298 largiente,
456 4242 509 4298 per
521 4223 582 4279 haee
597 4226 779 4278 sacrosancta
793 4219 966 4276 commercia
979 4219 1013 4275 in
1026 4220 1107 4277 illius
1120 4221 1308 4277 inveniamur

98 4305 205 4374 forma,
227 4304 261 4360 in
282 4322 340 4379 qno
362 4310 461 4360 tecum
483 4310 527 4361 est
549 4309 649 4360 nostra
671 4301 845 4372 substantia,
860 4299 882 4356 J
884 4319 949 4358 esus
964 4300 1100 4360 Christus
1121 4301 1216 4359 Filius
1239 4307 1308 4358 tuus

80 4433 83 4441 .
100 4384 250 4445 Dominus
263 4391 369 4444 noster.
414 4384 474 4455 Qui
487 4391 592 4442 tecum.

545 4528 558 4554 ⁸
574 4527 645 4575 MSS.
657 4528 683 4575 O.
695 4527 742 4574 ond
752 4525 872 4574 u-uoee
888 4525 946 4574 dies.
