2926 4996
210 323 275 382 222
491 317 587 382 Dona
611 316 651 382 ii.
672 323 748 401 post
773 317 908 382 0111111
928 317 1153 390 Parrasia„

274 484 466 559 offertorium.

273 566 382 623 Factus
406 572 450 622 est
477 565 625 622 Dominus
652 565 872 622 firmamentum
899 584 998 622 meum
1025 571 1056 622 et
1083 563 1234 643 refugium
1257 584 1367 640 meum,
1385 571 1411 624 et

213 648 354 706 liberator
367 666 449 704 meus
462 667 468 704 :
490 647 612 722 sperabo
625 645 658 702 in
672 666 748 703 eum.

274 727 394 785 Secreto.

276 809 395 866 Oblatio
409 827 471 879 nos,
486 807 625 877 Domine,
639 815 692 864 tuo
706 807 821 865 nomini
834 807 958 865 dicanda
971 806 1116 883 purificet,
1131 814 1162 865 et
1175 808 1212 866 de
1226 809 1275 865 die
1292 807 1327 865 in
1341 808 1412 865 diem

212 890 252 946 ad
266 889 388 946 caelestis
406 890 477 946 vitae
495 889 655 945 transferat
675 889 827 946 actionem
882 888 941 945 Per
964 889 1128 946 Dominum
1151 896 1290 947 nostrum
1314 889 1413 947 Jesum

216 971 375 1028 Christum.

277 1050 457 1110 Communia.

277 1131 410 1188 Cantaba
425 1132 554 1188 Domino
568 1131 621 1207 qui
634 1133 711 1188 bona
724 1131 832 1188 tribuit
846 1131 941 1191 mihi:
964 1137 996 1189 et
1011 1131 1136 1207 psallam
1157 1131 1274 1190 nomini
1296 1131 1414 1189 Domini

212 1213 360 1270 altissimi.

276 1293 519 1351 Poatconcmanio.

277 1375 411 1450 Sumptis
424 1374 604 1444 muneribus
618 1373 755 1446 Domine,
772 1393 947 1450 quaesumus,
963 1381 998 1431 ut
1011 1394 1079 1432 curn
1092 1374 1334 1450 frequentatione
1347 1392 1416 1450 mys

218 1455 287 1512 terii
302 1462 411 1512 crescat
424 1461 531 1512 nostrae
546 1455 650 1512 salutis
664 1455 792 1514 effectus.
836 1454 902 1513 Per.
991 1529 992 1532 Ἰ
1009 1440 1027 1476 ⁹

687 1647 787 1705 Fnrm
809 1648 945 1716 Quaere

280 1776 330 1833 rid
345 1775 514 1834 Corinthios
527 1777 561 1852 (1
577 1797 622 1834 xo.
641 1777 755 1854 12-23).

280 1857 419 1915 Fratres:
445 1858 477 1914 Si
494 1864 594 1915 autem
613 1859 749 1916 Christus
769 1859 953 1933 praedicatur‚
978 1859 1048 1935 quia
1069 1860 1232 1918 resurrexit
1256 1879 1275 1917 a
1298 1859 1417 1917 mortuis

219 1958 309 2012 usqae
336 1940 376 1995 ad
406 1940 608 2015 unusquisque
642 1946 742 1996 autem
769 1940 802 1996 in
829 1960 882 1998 suo
909 1941 1021 2014 ordine,
1050 1940 1107 1999 Per
1134 1940 1240 1999 Jesum
1269 1940 1416 1998 Christum

220 2019 386 2076 Dominum
399 2027 541 2076 nostrum.

280 2100 448 2158 Secundam
461 2101 573 2158 Lucam
589 2103 655 2175 (arx.
672 2101 790 2175 27-40).

282 2182 320 2238 In
334 2181 386 2237 illo
400 2188 540 2257 tempore,
554 2182 752 2239 Accesserunt
766 2184 803 2239 ad
820 2183 925 2240 Jesum
943 2184 1064 2258 quidam
1083 2183 1244 2255 Sadducaei,
1267 2184 1320 2260 qui
1338 2202 1417 2259 nega·

171 2295 174 2301 ·
221 2265 295 2319 bant
308 2282 369 2319 esse
383 2263 627 2319 resurrectionem
640 2265 784 2338 usquead
797 2283 858 2320 non
871 2265 1021 2322 audebant
1035 2265 1192 2342 quicquam
1205 2265 1394 2341 interrogare.

706 2456 805 2513 Fran.
829 2456 937 2514 Snxrr.

283 2590 379 2647 Lectio
393 2589 461 2647 libri
474 2588 663 2663 Apocalypsis
677 2587 752 2644 beuti
765 2586 790 2642 J
789 2587 913 2645 ciconnis
926 2587 1057 2663 Apostoli
1070 2585 1186 2665 (aviii).

284 2671 324 2726 In
347 2671 449 2728 diebus
472 2669 542 2740 illis,
564 2669 638 2725 Vidi
659 2669 797 2744 angelum
818 2669 1041 2726 descendentem
1065 2669 1101 2726 de
1121 2670 1200 2742 caelu,
1222 2671 1254 2726 et
1275 2666 1415 2736 clamavit,

222 2751 342 2806 dicens:
375 2751 497 2821 Cecidit,
526 2750 631 2806 cecidit
658 2749 801 2824 Babylon,
832 2769 938 2825 magna
971 2751 1023 2807 illa
1057 2750 1162 2807 civitas
1174 2769 1183 2821 3
1216 2754 1247 2806 et
1275 2749 1354 2806 facta
1377 2752 1415 2805 est

225 2831 369 2888 habitatio
383 2830 602 2901 daemoniorum,
617 2836 648 2886 et
662 2831 795 2886 custodia
813 2833 907 2886 omnis
929 2832 1051 2906 spiritus
1069 2830 1225 2902 immundi,
1245 2835 1277 2888 et
1292 2828 1416 2887 custodia

226 2912 320 2968 omnis
334 2912 462 2967 volucris
476 2912 652 2967 immundae:
673 2912 793 2985 quiade
807 2912 852 2967 ira
865 2911 1068 2968 fornicationis
1086 2912 1149 2986 ejus
1167 2912 1311 2968 biberunt
1323 2928 1413 2968 omnes

224 2998 336 3069 gentes,
351 2998 381 3048 et
394 3011 476 3067 reges
493 2998 578 3048 terrae
596 3012 661 3048 cum
680 2992 732 3048 illa
754 2992 891 3049 fornicati
914 2998 1004 3048 sunt:
1034 2998 1064 3049 et
1085 2998 1261 3049 mercatores
1282 2998 1367 3049 terra
1385 2989 1413 3045 de

227 3075 339 3130 virtute
353 3073 523 3130 deliciarum
542 3074 605 3148 ejus
624 3073 732 3129 divites
752 3073 823 3129 facti
844 3079 921 3129 sunt
965 3073 1005 3130 Et
1029 3073 1133 3130 audivi
1153 3072 1244 3130 aliam
1266 3091 1365 3130 vocem
1384 3069 1413 3125 do

227 3155 304 3226 caelo,
327 3155 492 3211 dicentem:
527 3095 617 3211 Eirite
641 3154 677 3210 de
704 3154 756 3210 illo
783 3155 908 3229 populus
935 3173 1026 3224 meus,
1055 3160 1086 3211 et
1112 3174 1150 3211 ne
1164 3153 1334 3230 participes
1359 3150 1412 3209 sitis

225 3235 400 3292 delictorum
431 3236 502 3310 eJ'uS,
535 3242 565 3292 et
599 3236 635 3291 de
665 3235 758 3310 plagis
786 3236 849 3310 eJ'us
875 3255 912 3292 ne
940 3235 1111 3311 accipiatis3
1152 3235 1295 3311 quoniam
1327 3249 1411 3326 perra
1451 3306 1453 3313 Α

227 3323 337 3373 nerunt
363 3323 482 3391 peccata
509 3317 572 3390 ejus
598 3336 691 3391 usque
725 3316 762 3372 ad
789 3318 901 3388 caelum,
933 3324 963 3374 et
995 3316 1163 3373 recordatus
1191 3322 1237 3373 est
1264 3312 1377 3372 Deus
1368 3310 1411 3370 rni-

226 3399 378 3473 quitatum
412 3399 482 3472 ejus.
552 3397 594 3454 Et
625 3397 747 3453 sustulit
780 3417 858 3453 unus
896 3397 1016 3472 angelus
1055 3396 1140 3454 fortis
1178 3396 1307 3472 lapidem
1341 3389 1409 3471 qussi

228 3479 368 3535 molarem
395 3498 543 3554 magnum,
569 3484 599 3535 et
622 3479 704 3534 misit
727 3478 760 3533 in
787 3497 876 3549 mare,
901 3478 1019 3534 dicens:
1054 3477 1122 3534 Hoc
1145 3477 1261 3553 impetu
1288 3476 1409 3533 mittetur

229 3559 372 3634 Babylon,
395 3579 502 3634 magna
524 3523 576 3615 illa
600 3560 725 3631 civitasJ
756 3566 786 3614 et
809 3559 853 3614 ult
843 3569 888 3614 111
905 3559 970 3634 jam
992 3577 1052 3614 non
1072 3558 1252 3616 invenietur.
1304 3557 1345 3615 Et
1362 3569 1408 3611 ror

229 3604 461 3698 citharoedorum
480 3647 510 3696 et
534 3641 712 3696 musicorum
716 3603 767 3695 'et
789 3641 865 3695 tibia
892 3639 1061 3696 canentium
1084 3658 1145 3696 non
1167 3637 1342 3696 audietur
1332 3656 1364 3695 rn
1384 3651 1408 3689 11

229 3722 363 3796 amplius,
379 3727 410 3777 et
428 3721 523 3778 omnis
545 3721 654 3776 artifex
675 3721 827 3795 omnisque
846 3741 892 3776 ars
912 3740 973 3776 non
993 3718 1191 3776 invenietur
1181 3739 1215 3776 rn
1237 3740 1272 3777 11
1291 3716 1412 3803 amplius,

230 3804 270 3858 Et
259 3810 340 3858 tvox
354 3766 437 3858 inolae
451 3821 512 3858 non
525 3802 684 3858 audietur
676 3822 707 3857 rn
722 3822 755 3857 ea
769 3802 913 3877 aruplius3
935 3808 965 3857 et
978 3801 1033 3856 lux
1046 3801 1171 3858 lucernae
1184 3820 1248 3857 non
1261 3791 1407 3858 lucebitibi

230 3884 363 3958 amplius.
410 3883 451 3938 Et
472 3902 531 3939 vox
554 3883 669 3974 sponsi,
684 3889 714 3938 et
739 3902 825 3957 spons
821 3903 850 3938 ae
872 3902 932 3937 non
953 3881 1052 3938 audiet
1040 3887 1090 3938 tur
1109 3881 1234 3938 adhuc
1224 3901 1258 3938 1n
1280 3887 1330 3938 te:
1354 3874 1407 3954 quit

231 3970 404 4020 mercatores
418 3963 465 4020 tui
479 3969 564 4021 erant
577 3963 723 4038 principes
736 3971 842 4020 terrae:
870 3963 940 4038 quia
957 3963 990 4018 in
1013 3961 1160 4020 beneficiis
1178 3962 1239 4020 tuis
1253 3958 1408 4020 erraverunt

231 4064 330 4100 omnes
350 4050 458 4120 gentes.
502 4043 599 4100 Etru
622 4063 657 4100 ea
677 4045 794 4118 sanguis
819 4044 1078 4119 prophetarumet
1099 4049 1269 4102 sanctorum
1288 4043 1408 4100 1111111111

232 4131 284 4195 cst,
299 4131 329 4181 et
343 4125 475 4181 omnium
489 4125 541 4200 qui
554 4125 703 4181 interfecti
717 4132 787 4180 sunt
801 4125 832 4180 in
847 4137 932 4181 terra,

291 4205 458 4263 Secundam
471 4205 584 4263 Lucam
598 4205 665 4282 (acii.
685 4206 797 4283 11-21).

292 4286 331 4342 ln
345 4287 397 4342 illo
410 4293 550 4362 tempore,
567 4287 656 4343 Dixit
675 4287 765 4344 ,lesus
785 4287 936 4361 discipulis
956 4287 1036 4344 suis:
1065 4285 1143 4344 Cum
1163 4292 1265 4344 autem
1287 4282 1409 4343 induam

234 4364 285 4422 vo's
298 4368 328 4422 in
344 4387 504 4444 synagogas
519 4389 606 4442 usque
620 4369 661 4426 od
676 4368 723 4426 Sic
741 4376 785 4425 est
799 4371 850 4444 qui
864 4369 921 4424 sibi
934 4367 1121 4441 thesaurizet,
1137 4374 1169 4426 et
1181 4387 1243 4426 non
1256 4373 1302 4426 est
1317 4366 1349 4425 in
1360 4363 1410 4422 Deo

233 4447 321 4505 divos
