2926 4996
196 373 238 433 m
622 369 725 435 Ferte
738 369 782 434 ir.
802 369 974 437 Cinaram.

190 557 262 611 pore
276 538 440 595 emetiemmet
453 536 504 594 in*
518 538 636 596 ambone
649 558 699 595 eeu
712 537 746 594 in
754 537 897 612 penitet,
908 535 1001 596 Crnce
1014 545 1105 595 erecte
1119 534 1198 617 [cnm
1212 536 1398 611 cereoferaeiio.

196 618 302 676 -Ms
321 615 383 698 D.]‚
401 617 501 693 faciet
508 640 521 689 ,·
552 629 579 676 et
597 628 665 694 post
693 638 848 676 sennonem
875 618 1052 693 bnjnmnodi,
1072 618 1211 694 praesenti
1235 617 1329 676 Ornce
1352 619 1397 676 eti

196 698 382 772 ceroferariis,
398 709 464 758 ente
476 701 605 775 prodam
618 699 731 757 Altaria
745 696 798 779 [od
811 708 948 756 anstrum
961 698 1228 757 macerano-MS.
1244 696 1309 779 D.]‚
1324 699 1397 757 bene-

196 780 274 836 dicet
289 780 395 837 cinerea
407 781 510 840 dicens.

212 935 1389 974 .-“-“-“-“--“-“-

212 975 919 1014 λ-ιι---ι---
943 978 1314 1013 --ι-
1337 978 1389 1013 -

316 1108 594 1166 Do-min-us
673 1128 711 1165 vo
748 1109 972 1166 -bis-cum.
1070 1108 1141 1166 Ο-
1184 1127 1363 1167 re-mus.

259 1237 367 1296 Oratio.

255 1319 346 1390 Deus,
360 1321 413 1395 qui
426 1340 487 1377 non
500 1327 626 1378 mortem
638 1320 689 1378 sed
702 1319 907 1397 paenitentiam
919 1320 1066 1378 desideras
1079 1325 1277 1397 peccatorum,
1289 1319 1395 1397 fragili-

196 1404 289 1456 tatem
312 1401 490 1458 conditionis
514 1402 650 1459 humanae
670 1402 879 1478 benignissime
902 1401 1031 1478 respice3
1058 1401 1161 1460 ethos
1182 1401 1303 1473 cineres,
1326 1420 1395 1478 quos

196 1499 283 1536 causa
302 1481 490 1556 praeferenda
510 1483 688 1540 humilitatis
707 1488 797 1558 atque
810 1483 1009 1558 promerendae
1022 1481 1116 1540 veniae
1130 1482 1278 1558 capitibus
1291 1482 1396 1539 nostris

196 1561 309 1637 imponi
325 1561 516 1635 decernimus,
531 1584 585 1640 pro
605 1571 659 1621 tua
678 1564 812 1621 bonitate
832 1561 1043 1642 beneffldicere
1063 1563 1209 1640 digneris:
1230 1563 1333 1639 utqui
1344 1581 1395 1620 nos

196 1641 307 1699 cineres
327 1662 397 1715 esse,
419 1649 451 1701 et
471 1645 508 1701 ob
528 1645 685 1721 pravitatis
709 1651 817 1702 nostrae
838 1645 978 1702 meritum
998 1645 1032 1701 in
1054 1644 1207 1721 pulverem
1230 1663 1396 1702 reversuros

197 1723 406 1798 cognoscimus,
420 1731 606 1800 peccatorum
620 1726 753 1783 omnium
766 1726 884 1783 veniam
898 1730 929 1782 et
941 1724 1062 1802 praemia
1075 1725 1288 1801 paenitentibus
1301 1743 1395 1801 repro

195 1803 283 1860 missa
296 1805 525 1863 misericorditer
537 1807 676 1882 consequi

192 1937 1392 2085 Q

274 2136 385 2174 me-re
403 2153 413 2160 -
431 2137 551 2175 amur.
584 2117 643 2174 Per
652 2117 819 2174 Christ-um
833 2117 1034 2175 Dominum
1053 2123 1207 2176 nos-trum.
1238 2117 1367 2176 A-mcu.

255 2269 387 2328 Oremus.
432 2268 540 2327 Oratio.

254 2350 448 2426 Omnipotens
467 2351 642 2426 sempiterne
657 2348 747 2420 Deus,
763 2347 816 2424 qui
836 2348 980 2405 misereris
1002 2347 1135 2405 omnium
1156 2353 1187 2405 et
1209 2348 1289 2405 nihil
1309 2348 1395 2406 odisti

192 2450 373 2506 eorumquae
392 2431 495 2503 fecisti,
512 2430 699 2488 dissimulans
719 2435 837 2506 peccata
856 2429 1009 2486 hominum
1030 2435 1150 2505 propter
1172 2429 1393 2505 paenitentiam,

192 2512 245 2586 qui
259 2511 349 2569 etiam
362 2512 501 2568 subvenis
514 2512 547 2567 in
560 2511 733 2569 necessitate
746 2510 949 2567 laborantibus
960 2531 969 2583 3
992 2507 1203 2588 beneffldicere
1217 2514 1248 2568 et
1261 2508 1395 2589 sancti>1⁴

194 2596 280 2648 ficare
294 2591 347 2648 hos
360 2593 471 2648 cineres
486 2591 614 2668 dignare,
630 2610 702 2666 quos
716 2610 803 2649 causa
822 2591 1001 2648 humilitatis
1015 2597 1046 2648 et
1059 2596 1166 2648 sanctae
1187 2590 1340 2666 religionis
1359 2591 1396 2648 ad

193 2672 379 2728 emundanda
402 2677 502 2729 nostra
526 2672 632 2729 delicte
653 2691 741 2747 super
764 2672 862 2748 capita
884 2677 987 2729 nostra
1007 2671 1083 2728 ferre
1105 2672 1289 2730 constituisti
1315 2691 1395 2730 more

192 2752 423 2825 Ninevitarum3
442 2757 473 2809 et
486 2753 524 2809 da
537 2773 589 2829 per
603 2752 819 2810 invocationem
831 2753 879 2809 tui
892 2751 1029 2824 nominis,
1045 2758 1081 2809 ut
1098 2771 1199 2809 omnes
1221 2753 1275 2828 qui
1292 2772 1342 2810 eos
1359 2753 1396 2810 ad

193 2833 404 2909 deprecandam
426 2833 654 2891 misericordiam
675 2838 759 2889 tuam
781 2852 867 2909 super
890 2834 987 2910 capita
1005 2853 1059 2890 sua
1074 2832 1208 2904 tulerint,
1223 2852 1242 2889 a
1255 2838 1287 2890 te
1306 2853 1397 2892 mere

192 2919 282 2970 antur
295 2914 427 2970 omnium
443 2914 625 2986 delictorum,
640 2933 760 2970 suorum
779 2915 898 2970 veniam
918 2915 1056 2990 accipere,
1070 2919 1101 2970 et
1122 2913 1209 2971 hodie
1230 2912 1274 2971 sic
1294 2933 1397 2972 eorum

188 2994 311 3070 jejunia,
321 2995 458 3051 inchoare
468 3000 503 3052 ut
516 2996 549 3051 in
563 2994 609 3051 die
624 2994 859 3051 Resurrectionis
872 2994 1033 3071 purificatis
1047 2994 1195 3051 mentibus
1209 2994 1248 3051 ad
1261 3001 1397 3052 sanctum

192 3081 361 3132 mereantur
381 3076 515 3134 accedere
537 3076 657 3147 Pascha,
680 3076 764 3132 etin
787 3075 889 3132 futuro
910 3081 1082 3152 perpetuam
1105 3074 1235 3150 accipere
1262 3075 1395 3151 gloriam.

193 3156 253 3212 Per
266 3156 436 3214 Dominum.

252 3264 356 3320 Postea
374 3273 507 3338 osperpet
523 3264 629 3321 eineres
645 3262 808 3334 benedictos,
825 3272 850 3319 et
870 3262 1034 3337 tlenre'fieet,·
1049 3272 1150 3338 posteo
1166 3264 1317 3322 Proebatna
1330 3285 1397 3323 cnm

192 3343 342 3401 illiniatric
362 3354 429 3402 onte
450 3345 551 3402 Altore
573 3353 747 3420 prostratus,
772 3344 886 3418 incepto
912 3343 1084 3418 Antiphone
1108 3344 1157 3402 Ne
1187 3345 1396 3416 reminiscaris,

190 3426 271 3482 <lieet
288 3435 391 3500 septem
407 3424 541 3483 Psolmos
558 3424 769 3500 poenitentiales
792 3421 866 3503 [eine
883 3433 961 3496 note,
987 3424 1053 3482 Ms.
1069 3422 1111 3504 D]
1134 3435 1160 3481 et
1180 3425 1296 3483 Cleonas
1318 3426 1398 3484 simi-

193 3506 257 3563 liter
271 3527 327 3582 per
339 3527 368 3563 se
386 3503 465 3586 [cnm
481 3515 558 3578 note,
574 3506 640 3563 MS.
657 3501 701 3584 D]
722 3525 788 3562 enne
803 3506 958 3580 proemism
974 3505 1147 3580 Anteplmno
1166 3506 1314 3582 reincepta
1329 3516 1398 3583 poet

191 3587 330 3659 Pserimos,
344 3587 392 3644 Ne
402 3587 597 3645 reminiscaris
608 3587 753 3642 Domine:
775 3595 800 3642 et
808 3594 983 3660 percontato
991 3586 1147 3662 mq'nrmet
1158 3586 1256 3662 Kyrie
1266 3586 1397 3664 eleyson,

190 3667 308 3725 Christe
322 3669 449 3744 eleyson,
464 3668 559 3744 Kyrie
573 3666 699 3742 eleyson,
714 3675 740 3723 et
754 3665 844 3722 Pater
857 3671 967 3723 noster.

250 3791 396 3848 Proelotne
409 3812 475 3849 curn
490 3789 647 3866 Depelleno
661 3798 768 3846 erectus
781 3789 866 3846 dicat.

350 3896 392 3952 Et
405 3915 443 3952 ne
457 3915 517 3952 nos.
562 3893 619 3951 Sed
632 3892 731 3950 libera

350 3976 540 4034 Peccavimus
553 3994 621 4032 cum
634 3973 768 4050 patribus
781 3975 896 4034 nostris.
966 3987 969 3991 ’

390 4056 505 4132 Injuste
516 4057 634 4133 egimus.

350 4137 486 4209 Domine,
500 4157 561 4194 nou
575 4135 735 4194 secundum
751 4144 871 4213 peccata
883 4143 984 4195 nostra
997 4137 1086 4196 facias
1099 4137 1192 4195 nobis.

391 4217 495 4292 Neque
509 4217 669 4275 secundum
685 4216 865 4297 iniquitates.
1313 4270 1316 4274 ,

349 4297 397 4354 Ne
412 4298 588 4371 memineris,
603 4298 740 4374 Domine,
755 4299 950 4376 iniquitatum
962 4306 1131 4357 nostrarum
1149 4299 1350 4376 antiquarum.

390 4378 458 4436 Cito
471 4379 642 4456 anticipent.

350 4514 363 4539 ¹*
378 4515 402 4561 ia
412 4515 460 4561 Ioco
471 4513 666 4574 deputato-MS.
678 4517 710 4561 D.
842 4517 856 4577 †
870 4522 891 4562 et
901 4515 980 4562 ceteris
989 4515 1189 4581 ministris—MS.
1201 4515 1235 4560 D.
