2926 4996
185 389 226 451 52
523 384 628 451 Hebd.
640 384 762 471 prima
778 384 1054 472 Quadrupesima.

188 553 216 611 V.
244 552 335 611 Scuto
349 553 543 611 circumdabit
556 559 587 611 te
601 552 711 610 veritas
725 553 805 630 ejus:
826 573 887 612 nou
900 554 1018 612 timebis
1032 574 1050 612 a
1063 553 1170 612 timore
1183 559 1338 613 nocturno.

188 634 216 692 V
243 634 275 690 A
290 634 398 711 sagitta
412 633 530 691 volante
551 654 603 710 per
622 633 709 706 diem,
728 653 746 691 a
766 635 884 712 negotio
904 635 1128 711 perambulante
1148 636 1181 693 in
1202 637 1350 694 tenebris:
1370 654 1387 694 a

183 715 270 772 ruina
284 721 314 772 et
328 715 472 772 daemonio
486 715 656 773 meridiano.

189 796 218 854 V.
245 795 360 854 Cadent
374 817 392 853 a
406 797 497 854 latere
510 801 564 854 tuo
578 796 666 867 mille,
682 801 712 854 et
729 795 829 853 decem
843 795 937 864 millia
953 816 971 854 a
989 796 1103 855 dextris
1116 796 1196 856 tuis:
1216 797 1276 856 tibi
1289 803 1386 856 autem

182 896 243 934 non
257 877 513 953 appropinquabit.

189 957 218 1015 V.
245 957 391 1027 Quoniam
413 957 524 1035 angelis
544 956 605 1014 suis
625 957 779 1015 mandavit
799 957 836 1015 de
856 963 904 1016 te:
925 963 961 1015 ut
978 959 1146 1016 custodiant
1159 964 1191 1017 te
1205 958 1238 1017 in
1253 958 1385 1017 omnibus

182 1039 240 1096 viis
254 1039 322 1097 tuis.

188 1119 217 1177 V.
244 1119 284 1176 In
304 1119 440 1177 manibus
459 1120 623 1195 portabunt
644 1126 692 1176 te:
712 1139 751 1177 ne
771 1138 904 1194 unquam
924 1119 1054 1177 offendas
1074 1120 1112 1178 ad
1132 1120 1264 1198 lapidem
1284 1120 1384 1198 pedem

183 1206 278 1258 tuum.

185 1281 214 1338 V.
242 1281 337 1357 Super
357 1279 487 1356 aspidem
508 1285 538 1337 et
558 1279 727 1338 basiliscum
748 1280 932 1338 ambulabis:
952 1286 984 1339 et
1007 1281 1191 1339 conculcabis
1214 1281 1332 1340 leonem
1354 1289 1383 1340 et

183 1362 346 1419 draconem.

186 1442 214 1500 V.
243 1443 390 1512 Quoniam
403 1441 436 1499 in
450 1461 496 1499 me
509 1442 648 1517 speravit,
659 1441 791 1499 liberabo
805 1461 891 1500 eum:
910 1449 1063 1520 protegam
1077 1463 1154 1516 eum,
1167 1443 1311 1520 quoniam
1323 1463 1382 1522 cog-

181 1523 266 1579 novit
279 1543 387 1580 nomen
401 1542 509 1580 meum.

185 1605 213 1662 V.
241 1603 398 1661 invocabit
412 1623 468 1675 me,
484 1609 514 1662 εὴ
528 1623 581 1680 ego
595 1603 752 1660 exaudiam
766 1623 852 1662 eum:
872 1603 1017 1680 cumipse
1031 1624 1098 1663 sum
1111 1605 1144 1663 in
1157 1605 1359 1664 tribulatione.
1436 1604 1438 1610 ’

185 1685 214 1742 V.
242 1685 375 1762 Eripiam
389 1704 457 1742 eum
471 1690 501 1742 et
511 1684 679 1761 glorificabo
689 1704 777 1742 eum:
800 1685 986 1762 longitudine
997 1685 1112 1744 dierum
1126 1686 1294 1763 adimplebo
1308 1707 1380 1758 eum,

179 1774 209 1824 et
224 1766 377 1823 ostendam
391 1765 438 1822 illi
451 1765 578 1822 salutare
593 1785 699 1822 meum.

238 1847 440 1921 Ecaopelium.
482 1846 649 1904 Secumium
663 1845 838 1904 Mattianum
859 1845 912 1924 (ia.
931 1846 1027 1925 l-ll).

239 1927 279 1984 In
298 1927 350 1983 illo
370 1933 512 2003 tempore,
526 1927 644 1984 Ductus
662 1934 707 1985 est
721 1927 743 1985 J
744 1947 810 1984 esus
829 1928 859 1984 in
874 1927 1022 1985 desertum
1036 1947 1054 1984 a
1068 1925 1192 2005 Spiritu,
1208 1935 1245 1988 ut
1258 1933 1382 1988 tentare-

177 2014 229 2065 tur
250 2028 268 2064 a
287 2007 403 2066 diabolo
423 2029 514 2083 usque
534 2008 575 2064 ad
595 2008 679 2066 Tunc
700 2008 822 2084 reliquit
842 2027 910 2066 eum
931 2008 1082 2068 diabolus:
1103 2016 1134 2068 et
1147 2029 1213 2068 ecce
1226 2011 1325 2088 angeli
1338 2030 1380 2069 ac·

177 2095 335 2162 cesserunt,
351 2097 382 2146 et
396 2089 607 2146 ministrabant
621 2089 656 2146 ei.

240 2170 434 2244 opertorium.

239 2251 372 2328 Scapulis
392 2251 453 2308 suis
467 2250 654 2308 obumbrabit
667 2251 725 2307 tibi
738 2250 904 2308 Dominus:
925 2256 956 2308 et
970 2252 1025 2308 sub
1038 2250 1144 2328 pennis
1157 2252 1221 2329 ejus
1235 2253 1381 2330 sperabis;

178 2339 260 2390 scuto
274 2332 468 2391 circumdabit
482 2338 512 2389 te
526 2332 635 2388 veritas
649 2332 719 2408 ejus.

239 2413 358 2472 Secreta.

239 2494 422 2552 Sacrificium
442 2493 701 2570 quadragesimalis
723 2492 805 2549 initii
833 2492 1015 2551 sollemniter
1042 2493 1240 2569 immolamus,
1261 2500 1302 2568 te,
1323 2496 1381 2554 Do-

177 2575 265 2646 mine,
289 2576 486 2650 deprecantes,
516 2580 551 2629 ut
579 2593 647 2630 oum
671 2573 826 2649 epularum
846 2573 1032 2633 restrictione
1053 2575 1226 2650 carnalium,
1247 2596 1266 2634 a
1286 2577 1381 2634 noxiis

179 2675 295 2731 quoque
308 2655 511 2731 voluptatibus
525 2660 728 2730 temperemur.
772 2654 831 2711 Per
844 2655 1015 2713 Dominum.

242 2735 423 2794 Communia.

239 2816 371 2892 Scapulis
385 2817 445 2873 suis
459 2815 648 2872 obumbrabit
661 2815 735 2872 tibi:
757 2822 787 2872 et
807 2817 861 2875 sub
874 2816 981 2893 pennis
995 2817 1058 2893 ejus
1072 2818 1211 2895 sperabis,
1225 2823 1311 2877 scuto
1331 2819 1383 2877 cir-

179 2897 330 2954 cumdabit
342 2903 373 2954 te
386 2896 496 2954 veritas
510 2896 580 2972 ejus

238 2977 478 3035 Pasicomcmaia.

239 3059 297 3115 Tui
316 3079 378 3130 nos,
396 3058 531 3130 Domine,
546 3058 721 3116 sacramenti
741 3058 845 3116 libatio
866 3064 967 3116 sancta
986 3065 1142 3132 restauret,
1157 3065 1220 3118 eta
1233 3067 1384 3120 vetustate

178 3146 319 3218 purgatos
332 3141 364 3197 in
377 3139 511 3216 mysterii
524 3139 660 3197 salutaris
673 3139 761 3197 faciat
775 3140 901 3197 transire
914 3140 1102 3198 consortium
1135 3141 1195 3198 Per
1208 3143 1382 3203 Dominum

644 3334 746 3390 Fama
767 3333 919 3392 Securos.

242 3466 292 3524 Ad
305 3466 437 3523 Misamn.
482 3462 622 3539 Officium.

242 3549 325 3605 Sicut
338 3546 416 3605 oculi
429 3565 581 3603 servorum
594 3545 628 3600 in
641 3544 777 3601 manibus
787 3544 974 3602 dominorum
984 3565 1105 3603 suorum
1142 3545 1187 3604 ita
1200 3547 1280 3604 oculi
1290 3551 1387 3608 nostri

180 3629 219 3686 ad
232 3629 396 3686 Dominum
410 3628 509 3685 Deum
523 3632 667 3696 nostrum,
684 3626 776 3683 donec
795 3626 969 3684 misereatur
984 3627 1087 3684 nostri.
1131 3627 1275 3686 Miserere
1289 3631 1386 3703 nobis,

181 3710 318 3780 Domine,
333 3709 469 3766 miserere
482 3707 575 3765 nobie.

242 3791 387 3849 Facimus.
700 3852 702 3856 μ

242 3872 293 3928 Ad
306 3877 337 3928 te
350 3870 446 3928 levavi
460 3869 557 3927 oculos
571 3887 650 3926 meos
664 3889 671 3927 :
693 3868 746 3944 qui
759 3867 874 3926 habitas
887 3869 920 3926 in
934 3869 1018 3928 calis.

243 3952 351 4010 Oratio.

241 4033 386 4091 Converte
399 4051 461 4102 nos,
476 4032 559 4090 Deus
572 4030 709 4088 salutaris
723 4036 840 4089 noster:
862 4037 892 4088 et
911 4037 946 4089 ut
963 4031 1113 4109 jejunium
1130 4031 1388 4109 quadragesimale

178 4114 264 4170 nobis
284 4111 425 4190 proficiat,
448 4119 560 4170 mentes
579 4118 695 4169 nostras
715 4111 878 4170 caelestibus
898 4113 1012 4170 instrue
1033 4113 1202 4190 disciplinis.
1247 4113 1309 4172 Per
1324 4115 1387 4173 Do-

179 4213 302 4252 mnium

240 4275 383 4334 *Memoria
398 4294 455 4349 pra
471 4275 601 4348 peccatis.
647 4272 747 4332 Oratio
767 4275 894 4347 Exaudi,
910 4294 1085 4351 quaesumus,
1101 4274 1239 4348 Domine,
1255 4277 1388 4351 quotidie

178 4361 296 4418 dicatur
309 4357 342 4412 iu
356 4355 435 4412 omui
449 4355 543 4412 Missa
556 4355 668 4413 Feriali
685 4357 721 4413 ab
737 4356 788 4413 dac
808 4356 854 4413 die
874 4377 964 4431 usque
984 4357 1025 4413 cd
1044 4355 1155 4416 Uariam
1168 4356 1296 4414 Domini
1315 4378 1385 4416 cam

178 4441 247 4499 aliis
266 4437 418 4507 memoriis,
441 4435 543 4493 scilicet
564 4436 678 4493 Sanctae
692 4436 751 4493 Dei
771 4437 930 4512 genitricis,
945 4447 971 4494 et
986 4437 1182 4514 Omnipotens
1202 4438 1386 4515 sempiterne

178 4523 269 4594 Deus,
291 4518 344 4595 qui
363 4518 507 4588 vivorum,
524 4516 643 4574 alteratis
662 4517 779 4588 vicibus,
794 4518 838 4575 itc
859 4519 937 4593 quod
950 4518 1040 4578 Faria
1059 4519 1194 4591 secundo,
1217 4529 1335 4594 quarta,
1358 4529 1386 4578 et
