2926 4996
459 375 630 443 Feriuiii.
646 375 869 443 Hebdomade
882 375 1020 444 Sanctae.
1297 383 1336 446 91

194 544 305 603 Oratio.

193 626 252 698 Da,
268 645 443 702 quaesumus,
461 626 647 701 omnipotens
670 625 761 695 Deus,
775 630 811 682 ut
831 625 883 700 qui
905 624 937 682 in
958 629 1006 682 tot
1029 625 1159 683 adversis
1180 646 1219 684 ex
1239 635 1339 686 nostra

132 707 308 765 infirmitate
318 707 479 778 deficimus,
497 707 698 764 intercedente
716 705 862 782 unigeniti
874 705 945 762 Filii
954 706 1001 763 tui
1010 707 1143 782 passione
1153 708 1336 785 respiremus.

135 789 192 858 Qui
213 794 314 845 tecum
327 788 410 845 vivit.

193 869 289 926 Lectio
302 868 401 926 Esaiae
415 868 564 944 Prophetae
577 867 612 946 (t.
630 867 724 946 5-10).

194 950 234 1006 ln
258 949 361 1007 diebus
385 949 453 1021 illis,
480 947 568 1006 Dixit
592 949 713 1006 Esaias:
742 948 889 1005 Dominus
913 947 995 1005 Deus
1018 968 1100 1006 meus
1124 950 1241 1027 aperuit
1264 951 1338 1008 mihi

133 1050 245 1102 aurem,
260 1051 350 1105 aeque
364 1031 404 1088 od
417 1035 448 1088 et
461 1029 610 1088 innitatur
623 1049 710 1106 super
723 1029 853 1086 Domino
868 1030 932 1086 Deo
947 1049 1007 1087 suo.

195 1110 330 1170 Gredole.

194 1192 338 1269 Exsurge,
354 1191 492 1264 Domine,
508 1197 538 1249 et
551 1190 672 1249 intende
689 1191 801 1266 judicio
824 1210 907 1249 meo:
935 1191 1017 1248 Deus
1034 1209 1117 1249 meus
1138 1197 1169 1249 et
1190 1193 1337 1250 Dominus

134 1292 225 1345 meus,
240 1273 273 1329 in
287 1293 403 1330 causam
416 1292 520 1330 meam.

139 1354 166 1411 V.
194 1354 324 1411 Effunde
337 1353 494 1410 frameam:
516 1359 547 1410 et
560 1352 699 1410 conclude
713 1352 852 1410 adversus
865 1371 914 1409 eos
927 1353 979 1429 qui
994 1373 1039 1410 me
1053 1361 1277 1430 persequuntur.

193 1434 361 1492 Secarataoe
374 1433 539 1492 Jolroariam
553 1433 620 1511 (xii.
636 1434 731 1510 1-36).

192 1516 278 1572 Ante
300 1535 353 1572 sex
375 1515 436 1572 dies
458 1514 578 1571 Paschae
599 1515 683 1571 venit
704 1514 793 1572 Jesus
815 1514 1001 1588 Bethaniam,
1017 1515 1070 1572 ubi
1090 1515 1189 1573 fuerat
1211 1515 1338 1574 Lazarus

133 1616 225 1670 arque
239 1597 280 1653 ad
293 1602 324 1652 et
337 1596 490 1653 abscondit
504 1614 534 1652 se
548 1597 585 1653 ab
602 1596 651 1653 eis.

194 1677 389 1750 offertorium.
712 1733 713 1736 ,

193 1758 285 1834 Eripe
298 1777 346 1815 me
361 1759 396 1815 de
410 1756 538 1816 inimicis
559 1757 648 1814 meis:
675 1757 812 1828 Domine,
827 1757 864 1814 ad
886 1763 916 1814 te
934 1757 1072 1835 confugi,
1095 1759 1165 1818 doce
1179 1779 1226 1816 me
1243 1759 1337 1817 faeere

131 1839 318 1896 voluntatem
332 1845 423 1910 tuam,
439 1839 509 1914 quia
523 1839 606 1896 Deus
619 1857 701 1895 meus
715 1858 745 1895 es
759 1844 801 1897 tu.

192 1919 314 1977 Secreto.
1237 1968 1240 1974 .

191 2000 269 2057 Haeo
291 2001 432 2058 sacrificia
452 2019 514 2072 nos,
531 2001 717 2076 omnipotens
739 1999 828 2068 Deus,
847 2001 963 2076 potenti
985 2000 1098 2059 virtute
1119 2001 1277 2059 mundatos
1299 2001 1337 2059 ad

128 2101 219 2138 suum
233 2081 322 2138 faeiat
336 2082 468 2158 puriores
482 2082 583 2139 venire
597 2081 783 2158 principium.
826 2080 885 2138 Per
899 2081 1070 2138 Dominum.
1350 2096 1353 2104 '

193 2160 374 2221 Coruncanio.

192 2244 379 2300 Erubescant
393 2250 423 2300 et
436 2248 627 2300 revereantur
640 2242 728 2299 simul
742 2243 793 2319 qui
807 2242 996 2318 gratulantur
1008 2243 1093 2300 malis
1108 2245 1193 2301 meis:
1214 2244 1339 2301 induan-

129 2330 181 2381 tur
195 2324 308 2401 pudore
322 2330 352 2382 et
366 2325 540 2397 reverentia,
555 2325 607 2400 qui
620 2324 749 2400 maligna
762 2324 925 2400 loquuntur
938 2325 1094 2381 adversum
1108 2345 1163 2382 me.

191 2405 435 2463 Postcommaaio

193 2486 351 2543 Praebeant
372 2486 463 2558 nobis,
483 2484 620 2554 Domine,
634 2485 769 2542 divinum
790 2490 844 2542 tua
865 2492 967 2543 sancta
989 2485 1143 2558 fervorem,
1160 2505 1218 2562 quo
1236 2505 1338 2544 eorum

132 2567 244 2642 pariter
258 2573 288 2623 et
301 2573 370 2624 actu
383 2567 563 2624 delectemur
576 2573 607 2624 et
619 2567 726 2626 fructu.
770 2566 829 2624 Per
842 2567 1013 2625 Dominum.

192 2646 289 2721 Super
297 2647 450 2722 poputum.

192 2728 316 2804 Adjuva
330 2748 390 2800 nos,
407 2728 489 2785 Deus
502 2727 638 2785 salutaris
652 2734 767 2785 noster:
794 2733 824 2785 et
844 2728 882 2784 ad
901 2728 1042 2786 beneficia
1055 2729 1218 2798 recolenda,
1232 2728 1339 2803 quibus

135 2827 184 2866 nos
198 2808 364 2866 instaurare
378 2809 515 2885 dignatus
529 2828 566 2881 es,
582 2811 681 2866 tribue
693 2809 794 2866 venire
807 2809 976 2885 gaudentes.
1019 2810 1079 2867 Per
1092 2810 1264 2867 Dominum.

611 2970 712 3028 anra
736 2970 861 3027 Tasris.

195 3051 335 3126 Officium.

193 3132 259 3189 Nos
272 3139 373 3189 autem
386 3131 507 3208 gloriari
525 3137 641 3207 oportet
662 3133 694 3189 in
713 3151 797 3188 cruce
811 3130 936 3188 Domini
949 3132 1043 3188 nostri
1065 3132 1087 3190 J
1089 3153 1140 3189 esu
1154 3132 1285 3190 Christi:
1306 3132 1338 3188 in

143 3231 193 3287 quo
214 3219 260 3270 est
277 3212 362 3285 salus,
379 3213 450 3284 vita,
465 3218 496 3269 et
521 3213 695 3270 resurrectio
716 3221 834 3270 nostra:
860 3232 912 3289 per
933 3232 1021 3288 quem
1042 3213 1148 3270 salvati
1163 3219 1200 3270 ⁴et
1220 3213 1338 3270 liberati

143 3311 241 3351 sumus

195 3373 341 3432 Prolatus.

195 3455 277 3512 Deus
296 3455 470 3512 misereatur
482 3455 584 3526 nostri,
601 3461 632 3512 et
645 3455 798 3512 benedicat
820 3455 921 3512 nobis:
951 3455 1102 3512 illuminet
1118 3454 1238 3511 vultum
1251 3474 1338 3511 suum

149 3552 221 3610 super
234 3556 297 3607 noS,
313 3541 344 3592 et
357 3535 530 3593 misereatur
543 3536 644 3593 nostri.

198 3616 305 3675 Oratio.

198 3696 390 3773 Omnipotens
404 3698 581 3774 sempiterne
594 3697 684 3768 Deus,
699 3696 833 3754 danobis
851 3697 893 3754 ita
908 3697 1071 3754 Dominicae
1089 3696 1231 3773 passionis
1245 3715 1337 3754 sacra·

155 3784 235 3834 menta
247 3797 394 3854 peragere,
406 3783 442 3834 ut
455 3778 669 3855 indulgentiam
682 3779 830 3854 percipere
844 3798 1016 3836 mereamur.
1052 3776 1111 3835 Per
1125 3778 1296 3834 Dominum.

199 3857 288 3916 Lectio
304 3857 458 3915 Hieremiae
470 3859 621 3934 Prophetae
634 3858 689 3936 (ai.
709 3858 822 3936 18-20).

199 3936 235 3994 ln
247 3938 350 3996 diebus
366 3938 435 4012 illis,
449 3940 539 3997 Dixit
559 3939 744 3997 Hieremias:
770 3939 908 4011 Domine,
922 3939 1130 3996 demonstrasti
1142 3939 1225 4011 mihi,
1242 3945 1272 3996 et
1285 3959 1338 4016 ego

156 4020 257 4154 tilgngrvi
274 4039 366 4094 usqae
380 4021 420 4076 od
438 4019 496 4076 tibi
509 4019 588 4077 enim
601 4020 730 4077 revelavi
744 4041 861 4078 causam
884 4040 988 4092 meam,
1004 4020 1133 4078 Domine
1147 4020 1230 4078 Deus
1244 4040 1335 4078 meus.

240 4099 329 4159 adab.

202 4176 260 4255 Ego
273 4187 381 4252 autem,
395 4180 465 4237 dum
476 4180 550 4237 mihi
562 4181 679 4239 molesti
692 4188 796 4254 essent,
808 4181 966 4239 induebam
980 4201 1028 4238 me
1038 4181 1150 4240 cilicio:
1165 4188 1196 4240 et
1206 4182 1340 4239 humilia·

154 4245 212 4313 bem
223 4259 251 4317 in
259 4261 374 4338 jejunio
388 4261 517 4319 animam
530 4281 635 4332 meam,
650 4267 681 4319 et
694 4264 788 4320 oratio
802 4283 867 4321 mea
880 4264 912 4319 in
926 4263 993 4319 sinu
1006 4282 1072 4320 meo
1086 4269 1282 4321 convertetur.

155 4324 177 4388 V·
204 4336 311 4415 dodica,
336 4342 476 4416 Domine,
499 4349 637 4400 nocentes
659 4362 726 4415 me;
756 4363 893 4420 expugna
916 4343 1123 4420 impugnantes
1144 4363 1210 4402 me:
1240 4363 1339 4420 appre-

147 4402 236 4474 lende
246 4441 324 4480 arma
337 4429 368 4482 et
382 4429 507 4495 scutum,
523 4430 554 4482 et
567 4443 691 4500 exsurge
705 4423 737 4480 in
750 4425 932 4499 adjutorium
946 4424 1029 4484 mihi.

200 4495 341 4562 Dominus
354 4504 514 4565 vobiscum.
556 4504 598 4564 Et
611 4524 679 4562 cum
692 4504 799 4581 spiritu
813 4511 873 4564 tuo.
