<?xml version="1.0" encoding="UTF-8"?>
<!DOCTYPE html PUBLIC "-//W3C//DTD XHTML 1.0 Transitional//EN"
    "http://www.w3.org/TR/xhtml1/DTD/xhtml1-transitional.dtd">
<html xmlns="http://www.w3.org/1999/xhtml" xml:lang="en" lang="en">
 <head>
  <title>
</title>
<meta http-equiv="Content-Type" content="text/html;charset=utf-8" />
  <meta name='ocr-system' content='tesseract 3.04.00' />
  <meta name='ocr-capabilities' content='ocr_page ocr_carea ocr_par ocr_line ocrx_word'/>
</head>
<body>
  <div class='ocr_page' id='page_1' title='image "./missaleadusumin00churgoog_0143.png"; bbox 0 0 2926 4996; ppageno 0'>
   <div class='ocr_carea' id='block_1_1' title="bbox 128 375 998 445">
    <p class='ocr_par' dir='ltr' id='par_1_1' title="bbox 128 375 998 445">
     <span class='ocr_line' id='line_1_1' title="bbox 128 375 998 445; baseline -0.002 -1"><span class='ocrx_word' id='word_1_1' title='bbox 128 381 171 444; x_wconf 89' lang='grc'>90</span> <span class='ocrx_word' id='word_1_2' title='bbox 451 376 608 443; x_wconf 79' lang='lat' dir='ltr'>Feriuia&#39;.</span> <span class='ocrx_word' id='word_1_3' title='bbox 623 375 845 443; x_wconf 73' lang='lat' dir='ltr'>Hebdomade</span> <span class='ocrx_word' id='word_1_4' title='bbox 858 376 998 445; x_wconf 76' lang='lat' dir='ltr'>Sancta.</span> 
     </span>
    </p>
   </div>
   <div class='ocr_carea' id='block_1_2' title="bbox 66 544 1326 2077">
    <p class='ocr_par' dir='ltr' id='par_1_2' title="bbox 66 544 1326 1590">
     <span class='ocr_line' id='line_1_2' title="bbox 134 544 1325 621; baseline 0.002 -19"><span class='ocrx_word' id='word_1_5' title='bbox 134 545 163 602; x_wconf 88' lang='lat' dir='ltr'>V.</span> <span class='ocrx_word' id='word_1_6' title='bbox 191 544 300 602; x_wconf 86' lang='lat' dir='ltr'><strong>Omnes</strong></span> <span class='ocrx_word' id='word_1_7' title='bbox 322 544 374 621; x_wconf 93' lang='lat' dir='ltr'>qui</span> <span class='ocrx_word' id='word_1_8' title='bbox 396 544 538 602; x_wconf 83' lang='lat' dir='ltr'>ridebant</span> <span class='ocrx_word' id='word_1_9' title='bbox 559 563 615 617; x_wconf 88' lang='lat' dir='ltr'>me,</span> <span class='ocrx_word' id='word_1_10' title='bbox 630 545 865 621; x_wconf 77' lang='lat' dir='ltr'>aspernabantur</span> <span class='ocrx_word' id='word_1_11' title='bbox 885 564 951 603; x_wconf 89' lang='lat' dir='ltr'>me:</span> <span class='ocrx_word' id='word_1_12' title='bbox 980 544 1073 603; x_wconf 90' lang='lat' dir='ltr'>locuti</span> <span class='ocrx_word' id='word_1_13' title='bbox 1092 549 1166 602; x_wconf 85' lang='lat' dir='ltr'>sunt</span> <span class='ocrx_word' id='word_1_14' title='bbox 1187 545 1280 618; x_wconf 85' lang='lat' dir='ltr'>labiis,</span> <span class='ocrx_word' id='word_1_15' title='bbox 1298 551 1325 604; x_wconf 90' lang='lat' dir='ltr'>et</span> 
     </span>
     <span class='ocr_line' id='line_1_3' title="bbox 129 631 745 702; baseline 0.002 -20"><span class='ocrx_word' id='word_1_16' title='bbox 129 632 287 682; x_wconf 87' lang='lat' dir='ltr'>moverunt</span> <span class='ocrx_word' id='word_1_17' title='bbox 301 631 396 702; x_wconf 91' lang='lat' dir='ltr'>caput.</span> <span class='ocrx_word' id='word_1_18' title='bbox 743 649 745 653; x_wconf 67' lang='grc'>’</span> 
     </span>
     <span class='ocr_line' id='line_1_4' title="bbox 133 706 1325 783; baseline 0.001 -19"><span class='ocrx_word' id='word_1_19' title='bbox 133 707 161 764; x_wconf 89' lang='lat' dir='ltr'>V.</span> <span class='ocrx_word' id='word_1_20' title='bbox 190 706 336 783; x_wconf 82' lang='lat' dir='ltr'>Speravit.</span> <span class='ocrx_word' id='word_1_21' title='bbox 345 708 378 763; x_wconf 93' lang='lat' dir='ltr'>in</span> <span class='ocrx_word' id='word_1_22' title='bbox 392 706 531 780; x_wconf 89' lang='lat' dir='ltr'>Domino,</span> <span class='ocrx_word' id='word_1_23' title='bbox 547 706 655 783; x_wconf 90' lang='lat' dir='ltr'>eripiat</span> <span class='ocrx_word' id='word_1_24' title='bbox 671 726 758 764; x_wconf 87' lang='lat' dir='ltr'>eum:</span> <span class='ocrx_word' id='word_1_25' title='bbox 778 706 892 763; x_wconf 83' lang='lat' dir='ltr'>salvum</span> <span class='ocrx_word' id='word_1_26' title='bbox 905 706 995 765; x_wconf 87' lang='lat' dir='ltr'>faciat</span> <span class='ocrx_word' id='word_1_27' title='bbox 1015 725 1092 779; x_wconf 91' lang='lat' dir='ltr'>eum,</span> <span class='ocrx_word' id='word_1_28' title='bbox 1107 706 1252 783; x_wconf 87' lang='lat' dir='ltr'>quoniam</span> <span class='ocrx_word' id='word_1_29' title='bbox 1267 707 1325 765; x_wconf 79' lang='lat' dir='ltr'>vult</span> 
     </span>
     <span class='ocr_line' id='line_1_5' title="bbox 66 807 1325 944; baseline 0.002 -20"><span class='ocrx_word' id='word_1_30' title='bbox 66 862 70 871; x_wconf 81' lang='lat'>&#39;</span> <span class='ocrx_word' id='word_1_31' title='bbox 133 807 253 943; x_wconf 47' lang='lat' dir='ltr'>{1111in</span> <span class='ocrx_word' id='word_1_32' title='bbox 266 887 336 925; x_wconf 88' lang='lat' dir='ltr'>vero</span> <span class='ocrx_word' id='word_1_33' title='bbox 350 868 611 926; x_wconf 83' lang='lat' dir='ltr'>consideraverunt</span> <span class='ocrx_word' id='word_1_34' title='bbox 631 873 662 925; x_wconf 92' lang='lat' dir='ltr'>et</span> <span class='ocrx_word' id='word_1_35' title='bbox 681 867 876 944; x_wconf 85' lang='lat' dir='ltr'>inspexerunt</span> <span class='ocrx_word' id='word_1_36' title='bbox 894 887 960 926; x_wconf 87' lang='lat' dir='ltr'>me:</span> <span class='ocrx_word' id='word_1_37' title='bbox 988 867 1157 926; x_wconf 87' lang='lat' dir='ltr'>diviserunt</span> <span class='ocrx_word' id='word_1_38' title='bbox 1174 869 1234 927; x_wconf 83' lang='lat' dir='ltr'>sibi</span> <span class='ocrx_word' id='word_1_39' title='bbox 1246 868 1325 927; x_wconf 85' lang='lat' dir='ltr'>vesti-</span> 
     </span>
     <span class='ocr_line' id='line_1_6' title="bbox 128 949 991 1025; baseline 0.001 -20"><span class='ocrx_word' id='word_1_40' title='bbox 128 956 229 1006; x_wconf 87' lang='lat' dir='ltr'>menta</span> <span class='ocrx_word' id='word_1_41' title='bbox 242 969 316 1020; x_wconf 88' lang='lat' dir='ltr'>mea,</span> <span class='ocrx_word' id='word_1_42' title='bbox 333 955 364 1006; x_wconf 99' lang='grc' dir='ltr'><strong>εὴ</strong></span> <span class='ocrx_word' id='word_1_43' title='bbox 377 969 465 1025; x_wconf 90' lang='lat' dir='ltr'>super</span> <span class='ocrx_word' id='word_1_44' title='bbox 478 955 591 1006; x_wconf 84' lang='lat' dir='ltr'>vestem</span> <span class='ocrx_word' id='word_1_45' title='bbox 605 969 702 1006; x_wconf 87' lang='lat' dir='ltr'>meam</span> <span class='ocrx_word' id='word_1_46' title='bbox 715 949 861 1005; x_wconf 86' lang='lat' dir='ltr'>miserunt</span> <span class='ocrx_word' id='word_1_47' title='bbox 875 956 991 1006; x_wconf 90' lang='lat' dir='ltr'>sortem.</span> 
     </span>
     <span class='ocr_line' id='line_1_7' title="bbox 137 1028 1323 1088; baseline 0.001 -1"><span class='ocrx_word' id='word_1_48' title='bbox 137 1028 165 1087; x_wconf 80' lang='lat' dir='ltr'>V.</span> <span class='ocrx_word' id='word_1_49' title='bbox 194 1029 302 1086; x_wconf 88' lang='lat' dir='ltr'>Libera</span> <span class='ocrx_word' id='word_1_50' title='bbox 320 1049 368 1086; x_wconf 90' lang='lat' dir='ltr'>me</span> <span class='ocrx_word' id='word_1_51' title='bbox 392 1030 428 1087; x_wconf 87' lang='lat' dir='ltr'>de</span> <span class='ocrx_word' id='word_1_52' title='bbox 452 1049 501 1086; x_wconf 90' lang='lat' dir='ltr'>ore</span> <span class='ocrx_word' id='word_1_53' title='bbox 522 1029 633 1087; x_wconf 87' lang='lat' dir='ltr'>leonis:</span> <span class='ocrx_word' id='word_1_54' title='bbox 664 1035 695 1086; x_wconf 91' lang='lat' dir='ltr'>et</span> <span class='ocrx_word' id='word_1_55' title='bbox 716 1049 734 1086; x_wconf 91' lang='lat' dir='ltr'>a</span> <span class='ocrx_word' id='word_1_56' title='bbox 756 1030 894 1086; x_wconf 89' lang='lat' dir='ltr'>cornibus</span> <span class='ocrx_word' id='word_1_57' title='bbox 915 1030 1103 1087; x_wconf 84' lang='lat' dir='ltr'>unicornium</span> <span class='ocrx_word' id='word_1_58' title='bbox 1128 1029 1323 1088; x_wconf 82' lang='lat' dir='ltr'>humilitatem</span> 
     </span>
     <span class='ocr_line' id='line_1_8' title="bbox 130 1130 1326 1270; baseline 0.001 -22"><span class='ocrx_word' id='word_1_59' title='bbox 130 1130 251 1261; x_wconf 56' lang='lat' dir='ltr'>llleadlnui</span> <span class='ocrx_word' id='word_1_60' title='bbox 264 1191 376 1248; x_wconf 87' lang='lat' dir='ltr'>timetis</span> <span class='ocrx_word' id='word_1_61' title='bbox 391 1191 563 1264; x_wconf 88' lang='lat' dir='ltr'>Dominum,</span> <span class='ocrx_word' id='word_1_62' title='bbox 577 1190 696 1249; x_wconf 88' lang='lat' dir='ltr'>laudate</span> <span class='ocrx_word' id='word_1_63' title='bbox 710 1210 796 1249; x_wconf 87' lang='lat' dir='ltr'>eum:</span> <span class='ocrx_word' id='word_1_64' title='bbox 818 1191 989 1249; x_wconf 86' lang='lat' dir='ltr'>universum</span> <span class='ocrx_word' id='word_1_65' title='bbox 1003 1211 1103 1248; x_wconf 90' lang='lat' dir='ltr'>semen</span> <span class='ocrx_word' id='word_1_66' title='bbox 1111 1191 1209 1250; x_wconf 83' lang='lat' dir='ltr'><strong>Jacob</strong></span> <span class='ocrx_word' id='word_1_67' title='bbox 1222 1191 1326 1270; x_wconf 87' lang='lat' dir='ltr'>magni·</span> 
     </span>
     <span class='ocr_line' id='line_1_9' title="bbox 129 1272 1322 1430; baseline 0.001 -20"><span class='ocrx_word' id='word_1_68' title='bbox 129 1272 432 1410; x_wconf 46' lang='lat' dir='ltr'>fll.)aidriildliitiabitur</span> <span class='ocrx_word' id='word_1_69' title='bbox 459 1351 588 1410; x_wconf 89' lang='lat' dir='ltr'>Domino</span> <span class='ocrx_word' id='word_1_70' title='bbox 615 1353 765 1430; x_wconf 84' lang='lat' dir='ltr'>generatio</span> <span class='ocrx_word' id='word_1_71' title='bbox 788 1358 934 1410; x_wconf 81' lang='lat' dir='ltr'>ventura:</span> <span class='ocrx_word' id='word_1_72' title='bbox 966 1358 996 1410; x_wconf 89' lang='lat' dir='ltr'>et</span> <span class='ocrx_word' id='word_1_73' title='bbox 1019 1353 1246 1411; x_wconf 82' lang='lat' dir='ltr'>annuntiabunt</span> <span class='ocrx_word' id='word_1_74' title='bbox 1266 1353 1322 1411; x_wconf 85' lang='lat' dir='ltr'>caeli</span> 
     </span>
     <span class='ocr_line' id='line_1_10' title="bbox 125 1433 360 1508; baseline 0.004 -19"><span class='ocrx_word' id='word_1_75' title='bbox 125 1433 276 1508; x_wconf 87' lang='lat' dir='ltr'>justitiam</span> <span class='ocrx_word' id='word_1_76' title='bbox 290 1434 360 1508; x_wconf 87' lang='lat' dir='ltr'>ejus.</span> 
     </span>
     <span class='ocr_line' id='line_1_11' title="bbox 136 1513 913 1590; baseline -0.003 -18"><span class='ocrx_word' id='word_1_77' title='bbox 136 1514 165 1572; x_wconf 89' lang='lat' dir='ltr'>V.</span> <span class='ocrx_word' id='word_1_78' title='bbox 190 1513 304 1590; x_wconf 91' lang='lat' dir='ltr'>Populo</span> <span class='ocrx_word' id='word_1_79' title='bbox 318 1513 371 1590; x_wconf 91' lang='lat' dir='ltr'>qui</span> <span class='ocrx_word' id='word_1_80' title='bbox 384 1519 539 1571; x_wconf 88' lang='lat' dir='ltr'>nascetur:</span> <span class='ocrx_word' id='word_1_81' title='bbox 566 1533 653 1589; x_wconf 90' lang='lat' dir='ltr'>quem</span> <span class='ocrx_word' id='word_1_82' title='bbox 673 1514 744 1572; x_wconf 88' lang='lat' dir='ltr'>fecit</span> <span class='ocrx_word' id='word_1_83' title='bbox 758 1513 913 1571; x_wconf 84' lang='lat' dir='ltr'>Dominus</span> 
     </span>
    </p>

    <p class='ocr_par' dir='ltr' id='par_1_3' title="bbox 189 1595 1081 1672">
     <span class='ocr_line' id='line_1_12' title="bbox 189 1595 1081 1672; baseline 0.003 -21"><span class='ocrx_word' id='word_1_84' title='bbox 189 1595 296 1652; x_wconf 79' lang='lat' dir='ltr'>Lector.</span> <span class='ocrx_word' id='word_1_85' title='bbox 341 1595 487 1651; x_wconf 81' lang='lat' dir='ltr'>Dominus</span> <span class='ocrx_word' id='word_1_86' title='bbox 501 1596 660 1652; x_wconf 85' lang='lat' dir='ltr'>vobiscum.</span> <span class='ocrx_word' id='word_1_87' title='bbox 703 1595 739 1652; x_wconf 74' lang='lat' dir='ltr'>R.</span> <span class='ocrx_word' id='word_1_88' title='bbox 762 1596 884 1652; x_wconf 87' lang='lat' dir='ltr'>Etcum</span> <span class='ocrx_word' id='word_1_89' title='bbox 898 1595 1006 1672; x_wconf 91' lang='lat' dir='ltr'>spiritu</span> <span class='ocrx_word' id='word_1_90' title='bbox 1019 1600 1081 1655; x_wconf 85' lang='lat' dir='ltr'>tue.</span> 
     </span>
    </p>

    <p class='ocr_par' dir='ltr' id='par_1_4' title="bbox 130 1674 1320 1912">
     <span class='ocr_line' id='line_1_13' title="bbox 189 1674 1320 1769; baseline 0.002 -37"><span class='ocrx_word' id='word_1_91' title='bbox 189 1676 293 1769; x_wconf 46' lang='lat' dir='ltr'>Dorcio</span> <span class='ocrx_word' id='word_1_92' title='bbox 320 1675 444 1733; x_wconf 79' lang='lat' dir='ltr'><em>Domini</em></span> <span class='ocrx_word' id='word_1_93' title='bbox 471 1675 564 1733; x_wconf 78' lang='lat' dir='ltr'>raostrt&#39;</span> <span class='ocrx_word' id='word_1_94' title='bbox 588 1674 662 1734; x_wconf 78' lang='lat' dir='ltr'>Jeau</span> <span class='ocrx_word' id='word_1_95' title='bbox 687 1675 817 1735; x_wconf 75' lang='lat' dir='ltr'>Christi:</span> <span class='ocrx_word' id='word_1_96' title='bbox 848 1674 1016 1734; x_wconf 76' lang='lat' dir='ltr'>Secundam</span> <span class='ocrx_word' id='word_1_97' title='bbox 1038 1675 1217 1735; x_wconf 76' lang='lat' dir='ltr'>Mattlaaeum</span> <span class='ocrx_word' id='word_1_98' title='bbox 1236 1675 1320 1754; x_wconf 70' lang='lat' dir='ltr'>(cavi.</span> 
     </span>
     <span class='ocr_line' id='line_1_14' title="bbox 130 1756 814 1912; baseline 0.001 -18"><span class='ocrx_word' id='word_1_99' title='bbox 130 1757 262 1895; x_wconf 57' lang='lat' dir='ltr'>mlllola</span> <span class='ocrx_word' id='word_1_100' title='bbox 268 1756 482 1912; x_wconf 61' lang='lat' dir='ltr'>llledpoadccrtur</span> <span class='ocrx_word' id='word_1_101' title='bbox 496 1836 598 1894; x_wconf 82' lang='lat' dir='ltr'>Gloria</span> <span class='ocrx_word' id='word_1_102' title='bbox 613 1837 669 1894; x_wconf 89' lang='lat' dir='ltr'>tibi</span> <span class='ocrx_word' id='word_1_103' title='bbox 683 1837 814 1895; x_wconf 84' lang='lat' dir='ltr'>Domini</span> 
     </span>
    </p>

    <p class='ocr_par' dir='ltr' id='par_1_5' title="bbox 130 1917 1320 2077">
     <span class='ocr_line' id='line_1_15' title="bbox 190 1917 1320 1996; baseline 0.001 -22"><span class='ocrx_word' id='word_1_104' title='bbox 190 1919 230 1974; x_wconf 92' lang='lat' dir='ltr'>In</span> <span class='ocrx_word' id='word_1_105' title='bbox 254 1918 305 1974; x_wconf 88' lang='lat' dir='ltr'>illo</span> <span class='ocrx_word' id='word_1_106' title='bbox 333 1925 474 1993; x_wconf 92' lang='lat' dir='ltr'>tempore,</span> <span class='ocrx_word' id='word_1_107' title='bbox 499 1918 588 1975; x_wconf 83' lang='lat' dir='ltr'>Dixit</span> <span class='ocrx_word' id='word_1_108' title='bbox 618 1918 707 1976; x_wconf 89' lang='lat' dir='ltr'>Jesus</span> <span class='ocrx_word' id='word_1_109' title='bbox 734 1918 885 1994; x_wconf 77' lang='lat' dir='ltr'>discipulis</span> <span class='ocrx_word' id='word_1_110' title='bbox 912 1919 998 1976; x_wconf 84' lang='lat' dir='ltr'>suis:</span> <span class='ocrx_word' id='word_1_111' title='bbox 1037 1917 1126 1976; x_wconf 83' lang='lat' dir='ltr'>Scitis</span> <span class='ocrx_word' id='word_1_112' title='bbox 1158 1919 1231 1996; x_wconf 89' lang='lat' dir='ltr'>quia</span> <span class='ocrx_word' id='word_1_113' title='bbox 1260 1924 1320 1995; x_wconf 86' lang='lat' dir='ltr'>post</span> 
     </span>
     <span class='ocr_line' id='line_1_16' title="bbox 130 1997 1286 2077; baseline 0.002 -22"><span class='ocrx_word' id='word_1_114' title='bbox 130 1999 254 2056; x_wconf 89' lang='lat' dir='ltr'>biduum</span> <span class='ocrx_word' id='word_1_115' title='bbox 275 1999 387 2056; x_wconf 79' lang='lat' dir='ltr'>Pascha</span> <span class='ocrx_word' id='word_1_116' title='bbox 407 1999 458 2056; x_wconf 91' lang='lat' dir='ltr'>fiet</span> <span class='ocrx_word' id='word_1_117' title='bbox 478 2019 568 2074; x_wconf 78' lang='lat' dir='ltr'>usque</span> <span class='ocrx_word' id='word_1_118' title='bbox 588 2000 629 2056; x_wconf 84' lang='lat' dir='ltr'>acl</span> <span class='ocrx_word' id='word_1_119' title='bbox 644 1997 742 2076; x_wconf 70' lang='lat' dir='ltr'>(marai.</span> <span class='ocrx_word' id='word_1_120' title='bbox 759 1998 810 2077; x_wconf 89' lang='lat'>50)</span> <span class='ocrx_word' id='word_1_121' title='bbox 825 2019 896 2057; x_wconf 87' lang='lat' dir='ltr'>voce</span> <span class='ocrx_word' id='word_1_122' title='bbox 909 2019 1016 2076; x_wconf 86' lang='lat' dir='ltr'>magna</span> <span class='ocrx_word' id='word_1_123' title='bbox 1029 1999 1129 2057; x_wconf 84' lang='lat' dir='ltr'>emisit</span> <span class='ocrx_word' id='word_1_124' title='bbox 1142 2001 1286 2076; x_wconf 88' lang='lat' dir='ltr'>spiritum.</span> 
     </span>
    </p>
   </div>
   <div class='ocr_carea' id='block_1_3' title="bbox 624 2095 841 2153">
    <p class='ocr_par' dir='ltr' id='par_1_6' title="bbox 624 2095 841 2153">
     <span class='ocr_line' id='line_1_17' title="bbox 624 2095 841 2153; baseline 0.009 -2"><span class='ocrx_word' id='word_1_125' title='bbox 624 2095 715 2153; x_wconf 87' lang='lat' dir='ltr'>Pater</span> <span class='ocrx_word' id='word_1_126' title='bbox 734 2101 841 2153; x_wconf 88' lang='lat' dir='ltr'>noster.</span> 
     </span>
    </p>
   </div>
   <div class='ocr_carea' id='block_1_4' title="bbox 129 2193 1336 3545">
    <p class='ocr_par' dir='ltr' id='par_1_7' title="bbox 129 2193 1325 2272">
     <span class='ocr_line' id='line_1_18' title="bbox 129 2193 1325 2272; baseline 0.002 -22"><span class='ocrx_word' id='word_1_127' title='bbox 129 2195 171 2251; x_wconf 87' lang='lat' dir='ltr'>Et</span> <span class='ocrx_word' id='word_1_128' title='bbox 185 2213 249 2251; x_wconf 89' lang='lat' dir='ltr'>ecce</span> <span class='ocrx_word' id='word_1_129' title='bbox 263 2194 362 2251; x_wconf 84' lang='lat' dir='ltr'>velum</span> <span class='ocrx_word' id='word_1_130' title='bbox 376 2193 480 2268; x_wconf 86' lang='lat' dir='ltr'>templi</span> <span class='ocrx_word' id='word_1_131' title='bbox 493 2193 614 2250; x_wconf 90' lang='lat' dir='ltr'>scissum</span> <span class='ocrx_word' id='word_1_132' title='bbox 627 2199 690 2264; x_wconf 80' lang='lat' dir='ltr'>est3</span> <span class='ocrx_word' id='word_1_133' title='bbox 717 2213 807 2268; x_wconf 81' lang='lat' dir='ltr'>usque</span> <span class='ocrx_word' id='word_1_134' title='bbox 825 2194 866 2250; x_wconf 84' lang='lat' dir='ltr'>od</span> <span class='ocrx_word' id='word_1_135' title='bbox 886 2193 1018 2251; x_wconf 87' lang='lat' dir='ltr'>sedentes</span> <span class='ocrx_word' id='word_1_136' title='bbox 1040 2199 1145 2252; x_wconf 90' lang='lat' dir='ltr'>contra</span> <span class='ocrx_word' id='word_1_137' title='bbox 1158 2194 1325 2272; x_wconf 89' lang='lat' dir='ltr'>sepulcrum·</span> 
     </span>
    </p>

    <p class='ocr_par' dir='ltr' id='par_1_8' title="bbox 190 2272 1040 2352">
     <span class='ocr_line' id='line_1_19' title="bbox 190 2272 1040 2352; baseline 0.001 -20"><span class='ocrx_word' id='word_1_138' title='bbox 190 2275 391 2350; x_wconf 69' lang='lat' dir='ltr'>Evoaqelium.</span> <span class='ocrx_word' id='word_1_139' title='bbox 435 2272 602 2332; x_wconf 70' lang='lat' dir='ltr'>Secundum</span> <span class='ocrx_word' id='word_1_140' title='bbox 615 2274 791 2331; x_wconf 78' lang='lat' dir='ltr'>Metttaeam</span> <span class='ocrx_word' id='word_1_141' title='bbox 804 2273 908 2351; x_wconf 73' lang='lat' dir='ltr'>(mccii.</span> <span class='ocrx_word' id='word_1_142' title='bbox 927 2275 993 2332; x_wconf 61' lang='grc'>626</span> <span class='ocrx_word' id='word_1_143' title='bbox 998 2274 1040 2352; x_wconf 87' lang='grc'>6)</span> 
     </span>
    </p>

    <p class='ocr_par' dir='ltr' id='par_1_9' title="bbox 130 2355 1326 2576">
     <span class='ocr_line' id='line_1_20' title="bbox 191 2355 1326 2433; baseline 0 -21"><span class='ocrx_word' id='word_1_144' title='bbox 191 2356 299 2413; x_wconf 83' lang='lat' dir='ltr'>Altera</span> <span class='ocrx_word' id='word_1_145' title='bbox 321 2361 421 2413; x_wconf 90' lang='lat' dir='ltr'>autem</span> <span class='ocrx_word' id='word_1_146' title='bbox 443 2355 497 2423; x_wconf 89' lang='lat' dir='ltr'>die,</span> <span class='ocrx_word' id='word_1_147' title='bbox 512 2374 577 2430; x_wconf 90' lang='lat' dir='ltr'>quae</span> <span class='ocrx_word' id='word_1_148' title='bbox 596 2361 641 2412; x_wconf 88' lang='lat' dir='ltr'>est</span> <span class='ocrx_word' id='word_1_149' title='bbox 663 2363 729 2431; x_wconf 90' lang='lat' dir='ltr'>post</span> <span class='ocrx_word' id='word_1_150' title='bbox 752 2355 942 2428; x_wconf 84' lang='lat' dir='ltr'>Parasceven,</span> <span class='ocrx_word' id='word_1_151' title='bbox 960 2361 1166 2413; x_wconf 84' lang='lat' dir='ltr'>convenerunt</span> <span class='ocrx_word' id='word_1_152' title='bbox 1187 2356 1326 2433; x_wconf 86' lang='lat' dir='ltr'>principes</span> 
     </span>
     <span class='ocr_line' id='line_1_21' title="bbox 130 2436 1323 2514; baseline -0.001 -20"><span class='ocrx_word' id='word_1_153' title='bbox 130 2438 273 2511; x_wconf 78' lang='lat' dir='ltr'>usquead</span> <span class='ocrx_word' id='word_1_154' title='bbox 294 2437 347 2492; x_wconf 95' lang='lat' dir='ltr'>Illi</span> <span class='ocrx_word' id='word_1_155' title='bbox 367 2442 467 2493; x_wconf 89' lang='lat' dir='ltr'>autem</span> <span class='ocrx_word' id='word_1_156' title='bbox 487 2436 639 2508; x_wconf 87' lang='lat' dir='ltr'>abeuntes,</span> <span class='ocrx_word' id='word_1_157' title='bbox 654 2436 829 2493; x_wconf 85' lang='lat' dir='ltr'>munierunt</span> <span class='ocrx_word' id='word_1_158' title='bbox 842 2436 1016 2512; x_wconf 89' lang='lat' dir='ltr'>sepulcrum,</span> <span class='ocrx_word' id='word_1_159' title='bbox 1031 2437 1183 2513; x_wconf 71' lang='lat' dir='ltr'>signantes</span> <span class='ocrx_word' id='word_1_160' title='bbox 1197 2437 1323 2514; x_wconf 83' lang='lat' dir='ltr'>lapidem,</span> 
     </span>
     <span class='ocr_line' id='line_1_22' title="bbox 135 2517 396 2576; baseline 0.008 -2"><span class='ocrx_word' id='word_1_161' title='bbox 135 2538 202 2574; x_wconf 92' lang='lat' dir='ltr'>cum</span> <span class='ocrx_word' id='word_1_162' title='bbox 218 2517 396 2576; x_wconf 88' lang='lat' dir='ltr'>custodibus.</span> 
     </span>
    </p>

    <p class='ocr_par' dir='ltr' id='par_1_10' title="bbox 194 2598 987 2672">
     <span class='ocr_line' id='line_1_23' title="bbox 194 2598 987 2672; baseline -0.013 -16"><span class='ocrx_word' id='word_1_163' title='bbox 194 2598 385 2672; x_wconf 79' lang='lat' dir='ltr'>Offcrtorium.</span> <span class='ocrx_word' id='word_1_164' title='bbox 984 2652 987 2658; x_wconf 57' lang='grc'><strong>,</strong></span> 
     </span>
    </p>

    <p class='ocr_par' dir='ltr' id='par_1_11' title="bbox 132 2677 1326 2917">
     <span class='ocr_line' id='line_1_24' title="bbox 192 2677 1326 2755; baseline 0.002 -21"><span class='ocrx_word' id='word_1_165' title='bbox 192 2679 410 2754; x_wconf 89' lang='lat' dir='ltr'>Improperium</span> <span class='ocrx_word' id='word_1_166' title='bbox 434 2679 601 2754; x_wconf 85' lang='lat' dir='ltr'>expectavit</span> <span class='ocrx_word' id='word_1_167' title='bbox 622 2698 672 2735; x_wconf 91' lang='lat' dir='ltr'>cor</span> <span class='ocrx_word' id='word_1_168' title='bbox 691 2697 799 2749; x_wconf 87' lang='lat' dir='ltr'>meum,</span> <span class='ocrx_word' id='word_1_169' title='bbox 822 2684 852 2735; x_wconf 86' lang='lat' dir='ltr'>et</span> <span class='ocrx_word' id='word_1_170' title='bbox 872 2678 1037 2735; x_wconf 88' lang='lat' dir='ltr'>miseriam:</span> <span class='ocrx_word' id='word_1_171' title='bbox 1067 2683 1098 2736; x_wconf 89' lang='lat' dir='ltr'>et</span> <span class='ocrx_word' id='word_1_172' title='bbox 1121 2679 1261 2751; x_wconf 84' lang='lat' dir='ltr'>sustinui,</span> <span class='ocrx_word' id='word_1_173' title='bbox 1282 2677 1326 2755; x_wconf 90' lang='lat' dir='ltr'>qui</span> 
     </span>
     <span class='ocr_line' id='line_1_25' title="bbox 132 2759 1326 2835; baseline 0 -20"><span class='ocrx_word' id='word_1_174' title='bbox 132 2759 221 2816; x_wconf 91' lang='lat' dir='ltr'>simul</span> <span class='ocrx_word' id='word_1_175' title='bbox 234 2760 468 2830; x_wconf 72' lang='lat' dir='ltr'>contristaretur,</span> <span class='ocrx_word' id='word_1_176' title='bbox 479 2766 510 2816; x_wconf 88' lang='lat' dir='ltr'>et</span> <span class='ocrx_word' id='word_1_177' title='bbox 520 2779 580 2816; x_wconf 92' lang='lat' dir='ltr'>non</span> <span class='ocrx_word' id='word_1_178' title='bbox 593 2760 669 2817; x_wconf 89' lang='lat' dir='ltr'>fuit:</span> <span class='ocrx_word' id='word_1_179' title='bbox 690 2760 889 2816; x_wconf 89' lang='lat' dir='ltr'>consolantem</span> <span class='ocrx_word' id='word_1_180' title='bbox 899 2779 946 2816; x_wconf 89' lang='lat' dir='ltr'>me</span> <span class='ocrx_word' id='word_1_181' title='bbox 957 2759 1087 2835; x_wconf 88' lang='lat' dir='ltr'>quaesivi,</span> <span class='ocrx_word' id='word_1_182' title='bbox 1100 2766 1131 2816; x_wconf 89' lang='lat' dir='ltr'>et</span> <span class='ocrx_word' id='word_1_183' title='bbox 1141 2779 1206 2817; x_wconf 92' lang='lat' dir='ltr'>non</span> <span class='ocrx_word' id='word_1_184' title='bbox 1218 2760 1326 2817; x_wconf 79' lang='lat' dir='ltr'>inveni:</span> 
     </span>
     <span class='ocr_line' id='line_1_26' title="bbox 132 2839 1254 2917; baseline 0.002 -20"><span class='ocrx_word' id='word_1_185' title='bbox 132 2846 163 2898; x_wconf 92' lang='lat' dir='ltr'>et</span> <span class='ocrx_word' id='word_1_186' title='bbox 177 2839 321 2896; x_wconf 88' lang='lat' dir='ltr'>dederunt</span> <span class='ocrx_word' id='word_1_187' title='bbox 334 2840 367 2895; x_wconf 89' lang='lat' dir='ltr'>in</span> <span class='ocrx_word' id='word_1_188' title='bbox 381 2859 475 2896; x_wconf 89' lang='lat' dir='ltr'>escam</span> <span class='ocrx_word' id='word_1_189' title='bbox 488 2860 584 2897; x_wconf 87' lang='lat' dir='ltr'>meam</span> <span class='ocrx_word' id='word_1_190' title='bbox 597 2841 656 2913; x_wconf 83' lang='lat' dir='ltr'>fel;</span> <span class='ocrx_word' id='word_1_191' title='bbox 676 2842 752 2898; x_wconf 90' lang='lat' dir='ltr'>etin</span> <span class='ocrx_word' id='word_1_192' title='bbox 766 2841 816 2897; x_wconf 89' lang='lat' dir='ltr'>siti</span> <span class='ocrx_word' id='word_1_193' title='bbox 829 2859 895 2897; x_wconf 90' lang='lat' dir='ltr'>mea</span> <span class='ocrx_word' id='word_1_194' title='bbox 907 2847 1086 2917; x_wconf 88' lang='lat' dir='ltr'>potaverunt</span> <span class='ocrx_word' id='word_1_195' title='bbox 1100 2860 1148 2898; x_wconf 89' lang='lat' dir='ltr'>me</span> <span class='ocrx_word' id='word_1_196' title='bbox 1162 2848 1254 2899; x_wconf 89' lang='lat' dir='ltr'>aceto.</span> 
     </span>
    </p>

    <p class='ocr_par' dir='ltr' id='par_1_12' title="bbox 193 2919 313 2978">
     <span class='ocr_line' id='line_1_27' title="bbox 193 2919 313 2978; baseline 0.008 -1"><span class='ocrx_word' id='word_1_197' title='bbox 193 2919 313 2978; x_wconf 75' lang='lat' dir='ltr'>Secreta.</span> 
     </span>
    </p>

    <p class='ocr_par' dir='ltr' id='par_1_13' title="bbox 132 2999 1329 3239">
     <span class='ocr_line' id='line_1_28' title="bbox 194 2999 1329 3078; baseline -0.002 -20"><span class='ocrx_word' id='word_1_198' title='bbox 194 2999 335 3072; x_wconf 78' lang='lat' dir='ltr'>Concede,</span> <span class='ocrx_word' id='word_1_199' title='bbox 351 3020 526 3076; x_wconf 74' lang='lat' dir='ltr'>quaesumus,</span> <span class='ocrx_word' id='word_1_200' title='bbox 549 3002 686 3074; x_wconf 89' lang='lat' dir='ltr'>Domine,</span> <span class='ocrx_word' id='word_1_201' title='bbox 709 3008 744 3059; x_wconf 93' lang='lat' dir='ltr'>ut</span> <span class='ocrx_word' id='word_1_202' title='bbox 765 3002 857 3058; x_wconf 90' lang='lat' dir='ltr'>oculis</span> <span class='ocrx_word' id='word_1_203' title='bbox 874 3008 934 3059; x_wconf 87' lang='lat' dir='ltr'>tuae</span> <span class='ocrx_word' id='word_1_204' title='bbox 952 3002 1116 3078; x_wconf 85' lang='lat' dir='ltr'>majestatis</span> <span class='ocrx_word' id='word_1_205' title='bbox 1134 3023 1246 3060; x_wconf 89' lang='lat' dir='ltr'>munus</span> <span class='ocrx_word' id='word_1_206' title='bbox 1259 2999 1329 3059; x_wconf 79' lang='lat' dir='ltr'>obla</span> 
     </span>
     <span class='ocr_line' id='line_1_29' title="bbox 132 3082 1329 3160; baseline 0 -22"><span class='ocrx_word' id='word_1_207' title='bbox 132 3089 199 3139; x_wconf 91' lang='lat' dir='ltr'>tum</span> <span class='ocrx_word' id='word_1_208' title='bbox 214 3089 244 3139; x_wconf 90' lang='lat' dir='ltr'>et</span> <span class='ocrx_word' id='word_1_209' title='bbox 257 3083 384 3158; x_wconf 86' lang='lat' dir='ltr'>gratiam</span> <span class='ocrx_word' id='word_1_210' title='bbox 398 3082 482 3138; x_wconf 89' lang='lat' dir='ltr'>nobis</span> <span class='ocrx_word' id='word_1_211' title='bbox 496 3082 661 3139; x_wconf 89' lang='lat' dir='ltr'>devotionis</span> <span class='ocrx_word' id='word_1_212' title='bbox 675 3083 816 3155; x_wconf 87' lang='lat' dir='ltr'>obtineat,</span> <span class='ocrx_word' id='word_1_213' title='bbox 831 3089 861 3140; x_wconf 89' lang='lat' dir='ltr'>et</span> <span class='ocrx_word' id='word_1_214' title='bbox 879 3085 1015 3141; x_wconf 87' lang='lat' dir='ltr'>effectum</span> <span class='ocrx_word' id='word_1_215' title='bbox 1028 3084 1122 3141; x_wconf 84' lang='lat' dir='ltr'>beatae</span> <span class='ocrx_word' id='word_1_216' title='bbox 1139 3083 1329 3160; x_wconf 82' lang='lat' dir='ltr'>perennitatis</span> 
     </span>
     <span class='ocr_line' id='line_1_30' title="bbox 133 3162 561 3239; baseline 0.002 -19"><span class='ocrx_word' id='word_1_217' title='bbox 133 3164 272 3239; x_wconf 84' lang='lat' dir='ltr'>acquirat.</span> <span class='ocrx_word' id='word_1_218' title='bbox 317 3162 376 3219; x_wconf 90' lang='lat' dir='ltr'>Per</span> <span class='ocrx_word' id='word_1_219' title='bbox 390 3162 561 3221; x_wconf 90' lang='lat' dir='ltr'>Dominum.</span> 
     </span>
    </p>

    <p class='ocr_par' dir='ltr' id='par_1_14' title="bbox 193 3243 855 3321">
     <span class='ocr_line' id='line_1_31' title="bbox 193 3243 855 3321; baseline 0.003 -21"><span class='ocrx_word' id='word_1_220' title='bbox 193 3243 343 3319; x_wconf 76' lang='lat' dir='ltr'>Proefutio.</span> <span class='ocrx_word' id='word_1_221' title='bbox 387 3243 446 3312; x_wconf 77' lang='lat' dir='ltr'>Qui</span> <span class='ocrx_word' id='word_1_222' title='bbox 459 3245 584 3301; x_wconf 90' lang='lat' dir='ltr'>salutem</span> <span class='ocrx_word' id='word_1_223' title='bbox 598 3244 721 3301; x_wconf 88' lang='lat' dir='ltr'>humani</span> <span class='ocrx_word' id='word_1_224' title='bbox 734 3245 855 3321; x_wconf 84' lang='lat' dir='ltr'>generis.</span> 
     </span>
    </p>

    <p class='ocr_par' dir='ltr' id='par_1_15' title="bbox 198 3323 378 3384">
     <span class='ocr_line' id='line_1_32' title="bbox 198 3323 378 3384; baseline -0.022 0"><span class='ocrx_word' id='word_1_225' title='bbox 198 3323 378 3384; x_wconf 72' lang='lat' dir='ltr'>Commutato</span> 
     </span>
    </p>

    <p class='ocr_par' dir='ltr' id='par_1_16' title="bbox 134 3401 1336 3545">
     <span class='ocr_line' id='line_1_33' title="bbox 194 3401 1336 3482; baseline 0.002 -20"><span class='ocrx_word' id='word_1_226' title='bbox 194 3406 293 3480; x_wconf 88' lang='lat' dir='ltr'>Pater,</span> <span class='ocrx_word' id='word_1_227' title='bbox 305 3406 331 3463; x_wconf 90' lang='lat' dir='ltr'>si</span> <span class='ocrx_word' id='word_1_228' title='bbox 344 3425 405 3462; x_wconf 94' lang='lat' dir='ltr'>non</span> <span class='ocrx_word' id='word_1_229' title='bbox 413 3411 510 3482; x_wconf 92' lang='lat' dir='ltr'>potest</span> <span class='ocrx_word' id='word_1_230' title='bbox 523 3405 572 3463; x_wconf 90' lang='lat' dir='ltr'>hic</span> <span class='ocrx_word' id='word_1_231' title='bbox 586 3406 663 3463; x_wconf 82' lang='lat' dir='ltr'>calix</span> <span class='ocrx_word' id='word_1_232' title='bbox 673 3407 809 3480; x_wconf 87' lang='lat' dir='ltr'>transire,</span> <span class='ocrx_word' id='word_1_233' title='bbox 824 3407 881 3464; x_wconf 88' lang='lat' dir='ltr'>nisi</span> <span class='ocrx_word' id='word_1_234' title='bbox 894 3406 996 3464; x_wconf 91' lang='lat' dir='ltr'>bibam</span> <span class='ocrx_word' id='word_1_235' title='bbox 1005 3401 1091 3463; x_wconf 90' lang='lat' dir='ltr'>illum</span> <span class='ocrx_word' id='word_1_236' title='bbox 1104 3427 1111 3464; x_wconf 91' lang='lat'>:</span> <span class='ocrx_word' id='word_1_237' title='bbox 1132 3405 1189 3465; x_wconf 87' lang='lat' dir='ltr'>fiat</span> <span class='ocrx_word' id='word_1_238' title='bbox 1199 3406 1336 3466; x_wconf 83' lang='lat' dir='ltr'>voluntas</span> 
     </span>
     <span class='ocr_line' id='line_1_34' title="bbox 134 3495 189 3545; baseline -0.018 0"><span class='ocrx_word' id='word_1_239' title='bbox 134 3495 189 3545; x_wconf 86' lang='lat' dir='ltr'>tua</span> 
     </span>
    </p>
   </div>
   <div class='ocr_carea' id='block_1_5' title="bbox 134 3569 1342 3806">
    <p class='ocr_par' dir='ltr' id='par_1_17' title="bbox 134 3569 1342 3806">
     <span class='ocr_line' id='line_1_35' title="bbox 195 3569 439 3625; baseline 0.004 -1"><span class='ocrx_word' id='word_1_240' title='bbox 195 3569 224 3624; x_wconf 92' lang='lat' dir='ltr'><em>P</em></span> <span class='ocrx_word' id='word_1_241' title='bbox 410 3569 439 3625; x_wconf 89' lang='lat'>&#39;.</span> 
     </span>
     <span class='ocr_line' id='line_1_36' title="bbox 194 3578 1342 3728; baseline 0.002 -22"><span class='ocrx_word' id='word_1_242' title='bbox 194 3578 515 3727; x_wconf 45' lang='lat' dir='ltr'>ngtffilpssusstgmine&#39;</span> <span class='ocrx_word' id='word_1_243' title='bbox 530 3649 729 3724; x_wconf 89' lang='lat' dir='ltr'>operationem</span> <span class='ocrx_word' id='word_1_244' title='bbox 742 3648 886 3724; x_wconf 88' lang='lat' dir='ltr'>mysterii,</span> <span class='ocrx_word' id='word_1_245' title='bbox 902 3654 933 3705; x_wconf 86' lang='lat' dir='ltr'>et</span> <span class='ocrx_word' id='word_1_246' title='bbox 945 3648 1021 3706; x_wconf 85' lang='lat' dir='ltr'>vitia</span> <span class='ocrx_word' id='word_1_247' title='bbox 1033 3654 1135 3706; x_wconf 86' lang='lat' dir='ltr'>nostra</span> <span class='ocrx_word' id='word_1_248' title='bbox 1155 3655 1342 3728; x_wconf 84' lang='lat' dir='ltr'>purgentur,</span> 
     </span>
     <span class='ocr_line' id='line_1_37' title="bbox 134 3728 922 3806; baseline 0 -19"><span class='ocrx_word' id='word_1_249' title='bbox 134 3736 164 3787; x_wconf 88' lang='lat' dir='ltr'>et</span> <span class='ocrx_word' id='word_1_250' title='bbox 173 3731 256 3806; x_wconf 91' lang='lat' dir='ltr'>justa</span> <span class='ocrx_word' id='word_1_251' title='bbox 270 3731 413 3788; x_wconf 87' lang='lat' dir='ltr'>desideria</span> <span class='ocrx_word' id='word_1_252' title='bbox 426 3729 635 3806; x_wconf 86' lang='lat' dir='ltr'>compleantur.</span> <span class='ocrx_word' id='word_1_253' title='bbox 678 3728 737 3786; x_wconf 88' lang='lat' dir='ltr'>Per</span> <span class='ocrx_word' id='word_1_254' title='bbox 751 3730 922 3788; x_wconf 88' lang='lat' dir='ltr'>Dominum.</span> 
     </span>
    </p>
   </div>
   <div class='ocr_carea' id='block_1_6' title="bbox 135 3939 1368 4399">
    <p class='ocr_par' dir='ltr' id='par_1_18' title="bbox 135 3939 1368 4399">
     <span class='ocr_line' id='line_1_38' title="bbox 596 3939 871 4007; baseline 0.007 -12"><span class='ocrx_word' id='word_1_255' title='bbox 596 3939 697 3996; x_wconf 73' lang='lat' dir='ltr'>Fran</span> <span class='ocrx_word' id='word_1_256' title='bbox 718 3939 871 4007; x_wconf 71' lang='lat' dir='ltr'>Securus.</span> 
     </span>
     <span class='ocr_line' id='line_1_39' title="bbox 197 4019 617 4093; baseline 0.002 -16"><span class='ocrx_word' id='word_1_257' title='bbox 197 4019 335 4093; x_wconf 80' lang='lat' dir='ltr'>Officium.</span> <span class='ocrx_word' id='word_1_258' title='bbox 615 4073 617 4078; x_wconf 93' lang='lat'><em>.</em></span> 
     </span>
     <span class='ocr_line' id='line_1_40' title="bbox 195 4099 1368 4178; baseline 0.003 -21"><span class='ocrx_word' id='word_1_259' title='bbox 195 4099 217 4157; x_wconf 84' lang='lat' dir='ltr'><strong>J</strong></span> <span class='ocrx_word' id='word_1_260' title='bbox 220 4100 312 4171; x_wconf 88' lang='lat' dir='ltr'>udica,</span> <span class='ocrx_word' id='word_1_261' title='bbox 327 4101 463 4171; x_wconf 89' lang='lat' dir='ltr'>Domine,</span> <span class='ocrx_word' id='word_1_262' title='bbox 477 4104 614 4167; x_wconf 82' lang='lat' dir='ltr'>nocentes</span> <span class='ocrx_word' id='word_1_263' title='bbox 628 4120 683 4171; x_wconf 89' lang='lat' dir='ltr'>me,</span> <span class='ocrx_word' id='word_1_264' title='bbox 695 4120 832 4176; x_wconf 86' lang='lat' dir='ltr'>expugna</span> <span class='ocrx_word' id='word_1_265' title='bbox 845 4101 1052 4177; x_wconf 85' lang='lat' dir='ltr'>impugnantes</span> <span class='ocrx_word' id='word_1_266' title='bbox 1064 4119 1131 4173; x_wconf 86' lang='lat' dir='ltr'>me;</span> <span class='ocrx_word' id='word_1_267' title='bbox 1151 4102 1368 4178; x_wconf 66' lang='lat' dir='ltr'>apprehende</span> 
     </span>
     <span class='ocr_line' id='line_1_41' title="bbox 135 4181 1368 4257; baseline 0.007 -22"><span class='ocrx_word' id='word_1_268' title='bbox 135 4199 217 4236; x_wconf 88' lang='lat' dir='ltr'>arma</span> <span class='ocrx_word' id='word_1_269' title='bbox 227 4185 257 4236; x_wconf 92' lang='lat' dir='ltr'>et</span> <span class='ocrx_word' id='word_1_270' title='bbox 271 4188 399 4237; x_wconf 88' lang='lat' dir='ltr'>scutum:</span> <span class='ocrx_word' id='word_1_271' title='bbox 421 4187 452 4238; x_wconf 88' lang='lat' dir='ltr'>et</span> <span class='ocrx_word' id='word_1_272' title='bbox 465 4200 589 4257; x_wconf 83' lang='lat' dir='ltr'>exsurge</span> <span class='ocrx_word' id='word_1_273' title='bbox 602 4181 635 4238; x_wconf 91' lang='lat' dir='ltr'>in</span> <span class='ocrx_word' id='word_1_274' title='bbox 648 4182 830 4257; x_wconf 88' lang='lat' dir='ltr'>adjutorium</span> <span class='ocrx_word' id='word_1_275' title='bbox 843 4201 956 4241; x_wconf 88' lang='lat' dir='ltr'>meum:</span> <span class='ocrx_word' id='word_1_276' title='bbox 977 4181 1115 4255; x_wconf 89' lang='lat' dir='ltr'>Domine,</span> <span class='ocrx_word' id='word_1_277' title='bbox 1126 4182 1226 4241; x_wconf 85' lang='lat' dir='ltr'>virtus</span> <span class='ocrx_word' id='word_1_278' title='bbox 1237 4181 1368 4243; x_wconf 77' lang='lat' dir='ltr'>saluti¹</span> 
     </span>
     <span class='ocr_line' id='line_1_42' title="bbox 135 4279 341 4399; baseline 0.01 -2"><span class='ocrx_word' id='word_1_279' title='bbox 135 4279 341 4399; x_wconf 49' lang='lat' dir='ltr'>meaedsalmus.</span> 
     </span>
    </p>
   </div>
   <div class='ocr_carea' id='block_1_7' title="bbox 136 4422 1351 4582">
    <p class='ocr_par' dir='ltr' id='par_1_19' title="bbox 136 4422 1351 4582">
     <span class='ocr_line' id='line_1_43' title="bbox 195 4422 1351 4501; baseline 0.006 -23"><span class='ocrx_word' id='word_1_280' title='bbox 195 4422 321 4479; x_wconf 85' lang='lat' dir='ltr'>Effunde</span> <span class='ocrx_word' id='word_1_281' title='bbox 334 4422 492 4480; x_wconf 84' lang='lat' dir='ltr'>frameam:</span> <span class='ocrx_word' id='word_1_282' title='bbox 523 4430 553 4482; x_wconf 92' lang='lat' dir='ltr'>et</span> <span class='ocrx_word' id='word_1_283' title='bbox 573 4424 714 4482; x_wconf 88' lang='lat' dir='ltr'>conclude</span> <span class='ocrx_word' id='word_1_284' title='bbox 734 4425 874 4482; x_wconf 88' lang='lat' dir='ltr'>adversus</span> <span class='ocrx_word' id='word_1_285' title='bbox 895 4424 1014 4500; x_wconf 89' lang='lat' dir='ltr'>eosqui</span> <span class='ocrx_word' id='word_1_286' title='bbox 1031 4443 1078 4483; x_wconf 87' lang='lat' dir='ltr'>me</span> <span class='ocrx_word' id='word_1_287' title='bbox 1098 4432 1351 4501; x_wconf 69' lang='lat' dir='ltr'>persequuntur</span> 
     </span>
     <span class='ocr_line' id='line_1_44' title="bbox 136 4502 713 4582; baseline 0.005 -23"><span class='ocrx_word' id='word_1_288' title='bbox 136 4502 182 4560; x_wconf 91' lang='lat' dir='ltr'>dic</span> <span class='ocrx_word' id='word_1_289' title='bbox 195 4504 300 4560; x_wconf 85' lang='lat' dir='ltr'>animae</span> <span class='ocrx_word' id='word_1_290' title='bbox 314 4523 393 4575; x_wconf 85' lang='lat' dir='ltr'>meae,</span> <span class='ocrx_word' id='word_1_291' title='bbox 410 4504 494 4561; x_wconf 82' lang='lat' dir='ltr'>Salus</span> <span class='ocrx_word' id='word_1_292' title='bbox 508 4511 561 4561; x_wconf 89' lang='lat' dir='ltr'>tua</span> <span class='ocrx_word' id='word_1_293' title='bbox 573 4524 626 4582; x_wconf 86' lang='lat' dir='ltr'>ego</span> <span class='ocrx_word' id='word_1_294' title='bbox 640 4525 713 4562; x_wconf 87' lang='lat' dir='ltr'>sum.</span> 
     </span>
    </p>
   </div>
   <div class='ocr_carea' id='block_1_8' title="bbox 0 0 1478 4996">
    <p class='ocr_par' dir='ltr' id='par_1_20' title="bbox 0 0 1478 4996">
     <span class='ocr_line' id='line_1_45' title="bbox 0 0 1478 4996; baseline 0 0"><span class='ocrx_word' id='word_1_295' title='bbox 0 0 1478 4996; x_wconf 95' lang='lat' dir='ltr'> </span> 
     </span>
    </p>
   </div>
  </div>
 </body>
</html>
