2926 4996
211 368 274 434 250
463 361 557 426 Dora.
580 360 679 427 caiti.
697 366 773 446 poet
797 361 933 429 Oetucue
953 359 1160 426 Pentecostee.

271 531 393 590 Secreta.

272 609 555 687 suscipe-Domine,
574 608 721 685 propitius
740 607 862 681 hostiae,
881 608 988 684 quibus
1009 613 1040 666 et
1059 613 1089 664 te
1109 606 1222 683 placari
1239 603 1404 677 voluisti,et

211 693 297 754 nobis
311 692 437 749 salutem
450 690 568 766 potenti
580 691 693 766 pietate
706 689 834 748 restitui.
877 689 936 747 Per
950 689 1124 747 Dominum.

277 772 457 832 Communia
1021 801 1023 805 ·

273 855 350 912 Dico
369 852 462 925 vobis,
484 851 625 929 gaudium
646 857 691 909 est
711 850 823 928 angelis
836 850 896 909 Dei
915 870 1003 928 super
1022 869 1083 908 uno
1103 845 1260 927 peccatore
1278 847 1407 927 poeniten·

213 935 289 998 tiam
302 940 416 1011 agente.

276 1013 519 1074 Poatcommauc'o.

274 1095 515 1155 Immortalitatis
528 1093 699 1151 alimoniam
713 1092 869 1166 consecuti,
886 1098 1062 1171 quaesumus,
1078 1092 1216 1164 Domine,
1231 1097 1268 1151 ut
1281 1091 1360 1169 quod
1371 1109 1408 1148 ue

214 1179 409 1258 percepimus,
425 1183 524 1234 mente
538 1180 692 1233 sectemur.
736 1174 794 1232 Per
808 1174 981 1234 Dominum.

688 1368 790 1426 Fiam
811 1368 948 1439 Quuaru

277 1491 326 1550 Ae
340 1489 523 1549 Timotheum
536 1488 570 1566 (1
587 1489 619 1546 c't‘.
638 1489 686 1549 1-7
688 1488 718 1566 )

278 1572 453 1630 Carissimo:
489 1570 617 1628 Obsecro
643 1571 740 1647 primo
767 1570 901 1629 omnium
928 1570 994 1629 fieri
1019 1570 1237 1630 obsecrationes
1264 1589 1355 1646 aeque
1380 1564 1413 1625 ad

216 1656 318 1714 doctor
331 1653 466 1728 gentium
479 1653 512 1709 in
525 1652 582 1708 fide
596 1656 627 1708 et
640 1651 774 1710 veritate.

278 1751 446 1809 Secundum
459 1750 599 1808 Murcum
619 1747 675 1821 (eci.
691 1749 816 1824 23-26).

279 1833 319 1890 In
331 1832 384 1889 illo
397 1837 538 1907 tempore,
554 1830 644 1887 Dixit
663 1829 686 1888 J
687 1849 753 1888 esus
772 1831 925 1907 discipulis
945 1831 1023 1890 suis:
1044 1830 1146 1897 Amen
1164 1829 1230 1888 dico
1247 1828 1343 1901 vobis,
1356 1826 1415 1904 quia
1441 1818 1446 1826 ’

218 1915 386 1993 quicunque
400 1912 511 1970 dixerit
523 1911 594 1969 huic
607 1911 704 1969 monti
717 1932 808 1986 usqae
822 1913 863 1971 acl
876 1911 1011 1971 dimittet
1023 1912 1108 1970 vobis
1121 1917 1242 1987 peccata
1255 1915 1361 1968 vestra

710 2117 810 2175 Fran
832 2117 941 2178 Suxrs.

281 2238 330 2294 Ad
345 2236 528 2295 Timotheum
547 2236 585 2307 (l
601 2235 639 2294 iv.
656 2236 739 2293 9-v.
757 2236 802 2313 4).
1206 2294 1212 2303 ,

282 2318 458 2376 Carissime:
480 2317 591 2374 Fidelis
612 2335 707 2374 sermo
728 2322 759 2374 et
779 2317 861 2375 omni
880 2318 1049 2395 acceptione
1063 2318 1171 2397 dignus
1190 2336 1285 2394 usque
1304 2315 1345 2376 ad
1363 2313 1423 2374 Hoc

222 2401 302 2459 euim
316 2405 470 2475 acceptum
484 2404 529 2456 est
543 2417 642 2455 coram
656 2399 728 2455 Deo.

282 2497 450 2556 Secundam>
463 2496 604 2554 Murcum
624 2494 678 2572 (tu.
695 2495 812 2574 24-29).

284 2579 322 2636 In
343 2578 396 2635 illo
415 2584 557 2653 tempore,
579 2576 670 2633 Dixit
693 2577 715 2635 J
717 2597 783 2635 esus
805 2576 958 2654 discipulis
977 2577 1058 2638 suis:
1082 2576 1203 2650 Videte,
1218 2574 1293 2653 quid
1306 2572 1426 2634 audiatis

222 2680 312 2736 usqae
327 2660 367 2717 cd
380 2660 522 2735 quoniam
535 2658 624 2716 adest
633 2664 751 2734 tempus
764 2658 874 2716 messis

348 2873 510 2931 Douuuca
530 2873 688 2930 ansrua
708 2888 819 2930 rreum
839 2888 911 2932 rosr
932 2872 1075 2933 Ocravas
1096 2874 1320 2938 Pmrrrcoerns.

288 3004 429 3079 Officium.
473 3005 505 3062 si
518 3003 702 3080 iniquitates.

289 3086 399 3145 Oratio

287 3168 378 3240 Deus,
388 3165 537 3242 refugium
551 3171 686 3224 nostrum
700 3171 731 3224 et
749 3166 853 3238 virtus,
870 3166 972 3224 adesto
988 3166 1046 3244 piis
1064 3167 1203 3228 Ecclesia
1216 3177 1279 3230 tuae
1291 3173 1429 3250 precibus,

227 3256 329 3307 auctor
342 3250 405 3325 ipse
418 3247 557 3324 pietatis3
578 3253 609 3304 et
622 3253 731 3324 preesta
744 3253 779 3305 ut
796 3248 875 3323 quod
892 3246 1020 3306 fideliter
1035 3250 1174 3326 petimus,
1189 3252 1351 3313 efficaciter
1370 3272 1430 3313 con·

227 3350 392 3407 sequamur.
436 3328 495 3386 Per
509 3329 681 3386 Dominum.

288 3427 339 3484 rt
350 3426 550 3502 Philippenses
563 3425 623 3500 (itt.
643 3426 680 3485 17
681 3426 757 3484 —c'u
775 3424 819 3503 3).

288 3508 425 3566 Fratres:
454 3507 623 3564 Imitabores
646 3507 707 3564 mei
727 3512 822 3565 estote
845 3526 936 3582 usque
957 3507 1146 3586 adquorum
1168 3511 1295 3572 nomina
1316 3511 1430 3574 suntin

229 3589 305 3651 libro
319 3589 397 3648 vitae.

292 3670 428 3729 Grcdal.

291 3753 366 3809 Ecce
380 3771 470 3827 quam
484 3751 603 3808 bonum.

236 3833 265 3894 V.
293 3832 453 3890 Mandavit
468 3831 623 3889 Dominus

291 3914 441 3990 Alleluya.
491 3913 519 3971 V.
543 3913 646 3995 Lauda
660 3911 767 3969 anima.

290 4010 459 4069 Secundum
472 4008 648 4066 Mattltaeam
670 4009 759 4080 (metii.
778 4008 893 4086 15-21).
1140 4056 1144 4066 .

291 4093 331 4149 In
351 4091 403 4148 illo
422 4097 564 4166 tempore,
579 4091 734 4148 Abeuntes
754 4089 897 4148 Pharisaei
910 4090 1066 4149 consilium
1082 4090 1226 4166 inierunt,
1247 4099 1286 4152 ut
1305 4095 1430 4173 capemt

231 4174 336 4232 lesum
350 4175 383 4230 in
396 4192 529 4230 sermone
542 4191 633 4247 usqae
647 4170 687 4229 ud
707 4171 837 4229 Reddite
857 4175 925 4250 ergo
939 4192 1005 4248 quae
1022 4177 1092 4232 sunt
1112 4173 1247 4249 (lassaris,
1262 4174 1390 4238 Cassiis
1404 4176 1431 4233 et

233 4274 298 4330 quae
313 4261 383 4311 sunt
398 4253 466 4325 Dei,
482 4253 555 4311 Deo.

295 4334 490 4409 Offertoriaut.

294 4416 460 4473 Recordare
482 4414 550 4486 mei,
573 4413 712 4485 Domine,
734 4414 986 4492 omnipotentatui
1012 4414 1187 4478 dominans:
1214 4416 1255 4478 de
1280 4433 1432 4481 sermonum

233 4503 346 4556 rectum
360 4502 392 4553 et
405 4497 635 4554 benesonantem
645 4495 678 4552 in
688 4515 720 4553 cs
733 4515 850 4555 mcum:
869 4501 904 4555 ut
918 4496 1055 4572 placeant
1064 4498 1432 4580 verbameainoonrpetw
