2926 4996
388 347 608 414 Hebdomada
622 370 650 417 u
667 346 946 432 Quadrupedem.

535 565 634 623 Fuam
655 564 792 634 Quaeri„

126 646 268 722 Officium
1267 718 1268 723 ἵ

124 728 282 785 Liberator
294 746 377 784 meus
391 727 426 784 de
440 726 577 804 gentibus
590 725 754 784 iracundis:
769 727 806 783 ab
820 725 1041 803 insurgentibus
1054 725 1087 784 in
1095 745 1143 784 me
1155 727 1264 786 exalta-

63 808 109 867 bis
122 829 178 880 me,
194 829 213 866 a
225 809 290 866 viro
304 809 407 884 iniquo
421 809 526 886 eripies
540 827 596 879 me,
611 808 746 864 Domine.

122 889 272 958 ,Paolmua
490 895 492 898 ⁴
693 895 695 900 ’
1097 960 1100 967 Ι

125 971 258 1046 Diligam
271 976 310 1041 te,
326 969 453 1026 Domine
466 969 612 1027 fortitudo
625 989 708 1027 mea:
729 969 876 1027 Dominus
886 969 1104 1028 firmamentum
1113 989 1219 1042 meum,
1234 978 1264 1028 et

63 1051 212 1128 refugium
225 1070 332 1124 meum,
348 1056 380 1108 et
392 1050 534 1108 liberator
547 1069 636 1108 meus.

128 1132 237 1190 Oratio.

126 1213 315 1270 Sanctificato
329 1211 383 1268 hoc
393 1211 515 1288 jejunio,
532 1211 621 1283 Deus,
638 1217 758 1269 tuorum
771 1211 859 1268 corda
872 1211 1004 1269 fidelium
1017 1212 1171 1271 miserator
1185 1213 1265 1271 illus-

63 1301 130 1352 tra:
152 1300 182 1350 et
203 1294 310 1369 quibus
331 1292 493 1350 devotionis
514 1298 635 1368 praestas
655 1292 802 1365 affectum,
816 1293 914 1370 praebe
928 1293 1161 1368 supplicantibus
1181 1295 1264 1372 pium

63 1374 209 1451 benignus
223 1374 366 1431 auditum.
410 1372 470 1430 Per
483 1373 654 1431 Dominum.
742 1429 744 1432 Α

125 1455 221 1513 Lectio
236 1454 303 1512 libra·
316 1453 436 1512 Levitico·
449 1454 527 1528 (aiu.
546 1454 661 1529 10-19).

125 1536 166 1593 In
186 1536 289 1593 diebus
309 1535 376 1606 illis,
400 1535 530 1592 Locutus
550 1540 595 1591 est
616 1534 762 1591 Dominus
782 1534 820 1591 ad
841 1535 966 1611 Moysen
987 1537 1104 1608 dicens3
1125 1537 1188 1614 Ego
1207 1537 1265 1595 Do-

63 1617 164 1675 minus
179 1617 261 1674 Deus
274 1622 372 1673 vester
385 1635 475 1690 usque
488 1617 529 1672 od
543 1615 635 1692 Leges
649 1634 728 1672 meas
749 1615 901 1673 custodite.
945 1617 1009 1694 Ego
1029 1618 1107 1674 enim
1129 1638 1194 1675 sum
1208 1619 1266 1675 Do

65 1699 165 1756 minus
180 1699 263 1756 Deus
276 1703 381 1755 vester.

128 1779 264 1836 Gaudete.

125 1860 275 1917 Exaltabo
288 1864 328 1931 te,
343 1857 481 1931 Domine,
496 1857 635 1934 quoniam
650 1857 803 1935 suscepisti
816 1877 881 1916 me:
901 1879 955 1916 nec
969 1858 1120 1918 delectasti
1134 1861 1268 1920 inimicos

64 1961 145 2000 meos
160 1960 247 2017 super
260 1959 315 1997 me.
1248 2000 1250 2006 Ι

71 2024 99 2080 V.
125 2022 255 2079 Domine
269 2022 351 2078 Deus
365 2040 455 2092 meus,
468 2019 592 2077 clamavi
601 2019 639 2076 ad
652 2025 691 2091 te,
703 2024 733 2076 et
744 2020 854 2076 sanasti
864 2040 911 2077 me
922 2041 931 2093 3
947 2021 1084 2094 Domine,
1094 2022 1274 2080 abstraxisti

62 2105 102 2161 ab
115 2103 219 2160 inferis
233 2103 362 2159 animam
375 2121 486 2158 meam:
509 2101 628 2158 salvasti
642 2120 688 2177 me
702 2119 720 2158 a
734 2100 976 2160 descendentibus
990 2103 1023 2158 in
1036 2102 1140 2160 lacum.

125 2184 292 2242 Secundum
306 2181 472 2239 Jolauuuem
486 2180 529 2259 (a.
547 2181 660 2257 22-38).

124 2265 166 2323 In
180 2264 232 2322 illo
246 2270 386 2339 tempore,
402 2263 495 2320 Facta
511 2268 581 2319 sunt
598 2261 736 2318 Encaenia
749 2262 783 2318 in
798 2262 1032 2337 Hierosolymisz·
1046 2268 1077 2320 et
1094 2263 1187 2321 hiems
1201 2273 1265 2322 erat

63 2367 155 2421 usque
169 2347 210 2402 ad
223 2350 253 2402 et
267 2344 400 2415 credatis,
415 2343 486 2419 quia
499 2343 590 2400 Pater
602 2343 636 2398 in
648 2362 695 2399 me
709 2349 762 2414 est,
779 2349 809 2400 et
822 2363 875 2419 ego
889 2344 922 2400 in
935 2344 1033 2402 Patre.

128 2426 321 2499 Offertoac'uua.

125 2507 215 2582 Eripe
229 2526 275 2562 me
296 2506 333 2562 de
353 2504 480 2562 inimicis
499 2505 579 2577 meis,
596 2504 676 2562 Deus
697 2523 796 2563 meus:
817 2511 848 2561 et
868 2506 905 2562 ab
925 2504 1145 2582 insurgentibus
1165 2506 1198 2563 in
1218 2527 1266 2564 me

63 2588 158 2646 libera
171 2607 227 2658 me,
244 2586 380 2646 Domine.

125 2667 246 2726 §bercta

124 2750 238 2808 Annua
252 2748 414 2805 misericors
428 2747 527 2818 Deus-3
548 2752 581 2803 ut
602 2746 712 2804 hostias
732 2747 905 2823 placationis
926 2752 956 2805 et
976 2747 1071 2805 laudis
1085 2748 1197 2807 sincero
1210 2750 1266 2807 tibi

64 2831 230 2888 deferamus
244 2830 390 2904 obsequia
434 2828 493 2885 Per
507 2827 677 2885 Dominum.

126 2909 308 2970 Communia

125 2992 247 3050 Lavabo
266 2991 346 3048 inter
366 2991 536 3047 innocentes
556 3008 659 3045 manus
679 3008 777 3046 meas:
802 2995 832 3046 et
850 2989 978 3047 circuibo
992 2990 1084 3048 altare
1098 2997 1191 3063 tuum,
1209 2992 1267 3049 Do-

64 3074 164 3144 mine3
185 3078 221 3130 ut
233 3072 351 3129 audiam
365 3091 466 3129 vocem
480 3070 576 3127 laudis
589 3076 657 3142 tuae,
673 3075 704 3126 et
718 3089 851 3127 enarrem
864 3071 1001 3128 universa
1015 3071 1161 3130 mirabilia
1173 3079 1233 3130 tua.

124 3153 368 3211 Posteommuuio.

125 3234 257 3292 Caelestis
278 3233 349 3290 doni
367 3232 570 3290 benedictione
590 3237 733 3308 percepta,
750 3231 893 3307 supplices
914 3237 952 3304 te,
968 3233 1050 3290 Deus
1070 3232 1262 3310 omnipotens,

63 3316 255 3392 deprecamur
263 3335 272 3387 3
294 3320 327 3371 ut
347 3315 402 3371 hoc
422 3313 500 3370 idem
520 3312 605 3370 nobis
626 3317 656 3369 et
670 3313 845 3370 sacramenti
858 3332 944 3370 causa
957 3313 996 3370 sit
1009 3319 1040 3370 et
1053 3313 1163 3371 salutis.
1207 3315 1266 3371 Per

66 3397 238 3454 Dominum.

124 3477 220 3552 Super
233 3475 388 3552 Populum.

124 3559 240 3615 Adesto
255 3556 517 3633 supplicationibus
530 3555 647 3620 nostris,
663 3554 847 3630 omnipotens
861 3555 952 3626 Deus,
964 3561 994 3612 et
1008 3555 1114 3630 quibus
1128 3555 1265 3613 fiduciam

64 3639 215 3715 sperandae
236 3637 354 3714 pietatis
374 3636 515 3714 indulges,
528 3641 674 3696 consuetae
695 3636 898 3693 misericordiae
913 3636 1010 3693 tribue
1026 3636 1168 3714 benignus
1181 3637 1264 3695 effec-

63 3727 138 3777 tum.
182 3720 241 3777 Per
255 3718 425 3775 Dominum.

542 3885 642 3963 Euam
662 3886 792 3955 Quium.

127 3987 266 4061 Officium.

106 4067 215 4125 Omnia
235 4085 300 4144 quae
321 4065 416 4122 fecisti
435 4064 528 4136 nobis,
544 4063 680 4135 Domine,
696 4063 729 4120 in
742 4083 811 4120 vero
826 4063 938 4138 judicio
952 4064 1048 4122 fecisti
1056 4085 1065 4138 ;
1087 4066 1157 4143 quia
1169 4088 1266 4145 pecca-

63 4147 162 4205 vimus
176 4148 234 4205 tibi
247 4153 278 4204 et
291 4146 437 4204 mandatis
451 4145 510 4202 tuis
525 4163 586 4201 non
599 4145 800 4201 obedivimus:
820 4144 870 4200 sed
884 4145 922 4202 da
935 4145 1059 4222 gloriam
1071 4149 1186 4207 nomini
1206 4157 1265 4220 tuo,

63 4237 95 4286 ct
108 4230 154 4286 lac
167 4230 321 4286 nobiscum
335 4227 494 4284 secundum
508 4225 732 4282 multitudinem
745 4225 949 4283 misericordiae
963 4233 1030 4286 tuae.

125 4310 272 4367 Paulinus.
349 4313 351 4317 ’
697 4321 698 4324 ’

125 4391 255 4467 Magnus
266 4389 420 4463 Dominus,
434 4394 468 4447 et,
477 4386 632 4445 laudabilis
641 4387 728 4445 nimis
739 4408 745 4446 :
766 4386 799 4444 in
812 4387 931 4447 civitate
942 4390 1001 4450 Dei
1011 4393 1113 4465 nostri,
1126 4393 1158 4450 in
1168 4400 1268 4453 monte

63 4478 167 4531 sancto
182 4472 253 4548 ejus
484 4522 487 4529 .

462 4566 481 4607 o
