2926 4996
536 333 637 399 Festa
651 355 677 398 11.
694 333 737 398 ia
751 332 805 398 die
824 333 927 399 Oeace

193 499 373 576 Antapboaa.
896 549 898 553 1
984 563 985 566 ,

192 583 246 639 Ab
259 581 428 639 hominibus
442 580 552 657 iniquis
565 580 658 639 libera
671 600 727 654 me,
743 579 879 638 Domine.

192 662 332 719 Fecimus
344 661 472 739 (11111111.
488 660 608 739 (140)).

193 742 285 819 Eripe
299 763 353 814 me,
370 742 505 810 Domine,
520 742 558 799 ab
571 741 689 800 homine
703 741 799 799 malo:
818 761 837 799 a
849 741 914 798 viro
927 740 1030 818 iniquo
1044 742 1124 818 eripe
1137 762 1191 800 me.
1293 783 1296 788 -

194 823 255 893 Qui
268 823 474 900 cogitaverunt
487 823 660 899 iniquitates
673 824 706 879 in
720 822 823 880 corde:
843 828 908 879 tota
927 822 975 879 die
989 822 1207 880 constituebant
1220 824 1329 901 praelia

192 905 350 962 Acuerunt
363 904 480 981 linguas
493 922 561 960 suas
575 903 651 961 sicut
666 908 833 980 serpentes:
854 917 1001 960 venenum
1019 903 1154 979 aspidum
1171 905 1226 962 sub
1245 905 1331 964 labiis

126 1004 244 1043 ,eorum

194 1064 317 1122 Custodi
335 1085 391 1139 me,
406 1064 544 1136 Domine,
561 1065 597 1122 de
616 1083 707 1122 manu
727 1068 828 1141 peccat
825 1063 904 1123 oris:
926 1069 956 1120 et
976 1063 1014 1120 ab
1033 1035 1230 1123 hominibus
1220 1067 1331 1144 iniquis

130 1145 213 1222 eripe
228 1165 280 1203 me.

195 1227 254 1296 Qui
276 1226 481 1302 cogitaverunt
503 1225 691 1302 supplantare
712 1244 828 1302 gressus
849 1243 946 1283 meos:
974 1225 1192 1321 abscondeumt
1212 1200 1331 1304 superbi

131 1306 781 1462 18191111111111111111111111111111111111111111111111
798 1386 889 1462 J'uxta
909 1386 967 1443 iter
980 1386 1151 1444 scandalum
1169 1396 1331 1465 posuerunt

133 1467 217 1525 mihi

193 1547 269 1605 Dixi
289 1547 438 1620 Domin03
458 1547 540 1606 Deus
559 1567 641 1605 meus
661 1566 692 1604 es
711 1553 764 1605 tu·
786 1547 904 1619 exaudi,
919 1546 1055 1620 Domine,
1073 1567 1175 1606 vocem
1199 1550 1331 1650 depreca-

131 1629 331 1781 tionDsoildige·
346 1708 482 1782 Domine,
497 1709 593 1766 virtus
606 1709 709 1766 salutis
722 1728 813 1766 meae:
834 1708 1018 1766 obumbrasti
1031 1729 1119 1787 super
1131 1717 1220 1787 caput
1233 1731 1331 1770 meum

130 1753 389 1928 111ίί1110111111111111
410 1890 465 1939 me,
487 1869 659 1942 Dominae
682 1869 825 1927 desiderio
847 1833 912 1927 meo
936 1870 1098 1946 peccatori:
1126 1872 1331 1948 cogitaverunt

130 1958 236 2010 contra
249 1970 305 2022 me,
320 1970 359 2008 ne
373 1951 558 2027 derelinquas
572 1970 628 2022 me,
643 1970 681 2007 ne
694 1950 770 2007 forte
784 1950 961 2008 exaltentur.
1242 1973 1243 1976 ¹

193 2031 292 2109 Caput
305 2032 447 2089 circuitus
460 2051 578 2089 eorum:
600 1994 683 2089 111101
696 2030 863 2088 labiorum
855 2049 986 2106 1psorum
1000 2032 1113 2108 operiet
1126 2052 1181 2089 101.
1237 2050 1239 2052 ·

193 2112 310 2170 Cadent
332 2131 419 2189 super
441 2131 489 2170 eos
507 2111 678 2186 carbones,
669 2131 702 2167 111
723 2111 822 2188 ignem
840 2111 956 2188 dejicies
978 2131 1044 2169 cos:
1068 2113 1102 2169 in
1122 2113 1247 2170 miseriis
1267 2134 1330 2172 non

129 2193 1329 2352 διώὶ11111111113101ι1111011(111181111111111111ς11111111111111111111111101111111

130 2355 397 2512 integglgtnm
347 2434 417 2510 quia
437 2435 526 2493 faciet
547 2433 693 2492 Dominus
717 2433 894 2509 judicium
885 2433 1000 2510 mopis.
1025 2440 1056 2492 et
1076 2434 1239 2493 vindictam
1258 2457 1328 2512 pau-

129 2535 409 2654 Peru‘tlfldrumtamen
426 2595 503 2672 justi
525 2595 746 2653 confitebuntur
766 2594 881 2652 nomini
901 2599 973 2652 tuo:
1002 2600 1033 2652 ct
1054 2595 1242 2654 habitabunt¹
1254 2599 1328 2656 recti

132 2698 199 2736 oum
213 2677 302 2734 vultu
315 2683 375 2734 tue.
400 2707 401 2712 1
1235 2749 1237 2752 Ι

191 2758 415 2816 Edd-Gloria
428 2757 505 2815 sicut
518 2762 591 2816 erat.
813 2752 888 2835 [MS.
906 2754 1056 2816 D.-Aer.
1089 2757 1142 2815 Ab
1159 2758 1327 2817 hominibus

750 2836 875 2913 iniquis
874 2836 968 2894 libera
981 2834 1051 2916 me]

189 2892 369 2994 Antiphone.

191 2999 317 3058 Custodi
336 3019 383 3056 me
400 3019 418 3056 a
436 2999 541 3076 laqueo
557 3017 645 3074 quem
665 3002 834 3056 statuerunt
854 2997 997 3056 11ιί11111
967 3002 997 3055 61
1014 3017 1033 3056 1
1052 3000 1195 3058 scandalis
1209 3021 1328 3104 operan-

130 3081 207 3139 tium
221 3080 419 3157 iniquitatem.

190 3161 333 3219 Psalmua
345 3159 414 3237 (cccl
429 3159 550 3238 (141)).

191 3242 330 3314 Domine,
347 3241 471 3299 clamavi
489 3241 527 3298 ad
545 3247 585 3315 te,
600 3239 709 3298 exaudi
726 3258 791 3296 me:
818 3239 940 3297 intende
957 3239 1022 3298 voci
1039 3259 1118 3312 meae,
1137 3260 1204 3298 cum
1221 3242 1325 3299 clama-

130 3343 200 3381 vero
214 3323 253 3380 ad
266 3329 315 3380 te:
749 3319 751 3322 ’

191 3403 350 3480 Dirigatur
376 3403 469 3460 oratio
496 3421 560 3459 mea
584 3402 660 3460 sicut
680 3402 834 3458 incensum
860 3401 893 3458 in
916 3406 1072 3478 conspectu
1099 3405 1168 3459 tuo:
1201 3403 1325 3462 elevatio

130 3504 273 3543 manuum
287 3503 419 3541 mearum
432 3483 607 3541 sacrificium
620 3482 828 3558 vespertinum.

191 3565 284 3636 Pone,
300 3564 437 3637 Domine,
455 3564 618 3621 custodiam
636 3564 682 3621 ori
699 3582 781 3620 meo:
810 3567 841 3619 et
861 3561 970 3620 ostium
990 3562 1216 3621 circumstantiae
1238 3563 1325 3622 labiis
1414 3615 1415 3618 ,

130 3646 211 3703 meis.

191 3726 265 3783 Non
285 3725 413 3784 declines
434 3744 600 3783 cormeum
620 3724 654 3781 in
670 3723 761 3781 verba
782 3723 920 3781 malitiae:
948 3723 986 3781 ad
1007 3724 1186 3782 excusandas
1208 3701 1324 3784 excusa-

129 3807 226 3864 tiones
246 3807 279 3862 in
298 3807 432 3882 peccatis.

191 3887 269 3945 (lum
281 3887 450 3945 hominibus
466 3891 587 3964 operant
575 3886 655 3942 tibus
671 3884 878 3961 iniquitatem:
899 3890 929 3942 et
946 3904 1007 3942 non
1024 3887 1244 3945 communicabo
1257 3908 1325 3946 cum

128 3968 229 4026 electis
243 3988 353 4026 eorum.

190 4049 339 4126 Corripiet
352 4068 399 4106 me
415 4048 537 4125 justus
528 4068 562 4105 m
577 4045 784 4118 misericordia,
800 4051 830 4103 et
847 4045 1012 4122 increpabit
1028 4066 1093 4106 me:
1114 4048 1212 4107 oleum
1225 4056 1324 4109 autom
1399 4097 1405 4107 .

128 4130 291 4206 peccatoris
305 4149 367 4187 non
379 4130 544 4207 impinguet
557 4135 645 4205 caput
659 4147 765 4184 meum.

191 4211 339 4280 Quoniam
357 4209 453 4268 adhuc
470 4216 501 4268 et
518 4210 612 4267 oratio
630 4227 695 4266 mea
712 4208 746 4265 in
763 4206 952 4283 beneplacitis
966 4227 1091 4267 eorum:
1105 4210 1236 4289 absorpti
1254 4219 1324 4270 sunt

124 4292 227 4369 juncti
240 4297 332 4367 petrae
342 4291 457 4368 judices
470 4310 578 4350 eorum.

189 4372 328 4430 Audient
349 4373 440 4429 verba
466 4392 538 4446 mea,
568 4371 708 4450 quoniam
734 4373 914 4447 potuerrmt:
948 4369 1024 4430 sicut
1051 4372 1212 4432 crassitudo
1238 4379 1324 4437 terrae

128 4459 236 4531 erupta
249 4459 398 4531 estsuper
410 4459 525 4522 terram.
