2926 4996
560 365 662 431 Faria
676 365 718 430 io.
738 365 907 431 Cinaram.

293 534 416 609 Adjuva
428 553 490 603 nos,
505 533 588 591 Deus
601 534 739 591 salutaris
752 539 858 591 noster.

334 615 375 671 Et
395 621 523 692 propter.

293 696 421 754 Domine
436 695 518 754 Deus
531 696 688 768 virtutum,
704 701 841 753 converte
855 716 914 752 nos.

332 777 374 834 Et
388 777 507 834 ostende
521 776 626 834 faciem
639 782 730 833 tuam.

294 859 431 930 Domine,
448 857 555 915 exaudi
569 858 733 915 orationem
745 876 849 914 meam.

333 939 375 996 Et
388 939 498 996 clamor
511 957 594 995 meus
608 939 644 995 ad
658 944 688 995 to
701 939 809 995 veniat.

294 1019 441 1081 Dominus
454 1019 612 1076 vobiscum.

334 1101 454 1158 Etcum
468 1100 575 1176 spiritu
589 1106 648 1157 tuo.

193 1225 325 1283 Oramus.
371 1225 479 1284 Oratio

192 1318 321 1376 Domine
335 1318 417 1376 Deus
430 1322 539 1390 noster,
554 1317 606 1394 qui
619 1316 778 1375 offensione
792 1324 893 1375 nostra
906 1336 967 1374 non
984 1318 1119 1389 vinceris,
1135 1319 1186 1376 sed
1206 1320 1335 1376 satisfac-

128 1401 212 1458 tione
225 1400 368 1475 placaris3
389 1400 508 1474 respice,
523 1417 697 1474 quaesumus,
712 1398 750 1455 ad
773 1399 898 1455 famulos
919 1405 996 1469 tuos,
1011 1400 1062 1475 qui
1081 1419 1111 1456 se
1129 1400 1186 1456 tibi
1206 1402 1335 1476 graviter

127 1500 262 1557 peccasse
284 1482 464 1537 confitentur
475 1500 484 1551 3
512 1486 599 1537 tuum
621 1486 666 1536 est
687 1480 767 1536 enim
787 1480 1003 1536 absolutionem
1025 1480 1182 1537 criminum
1204 1482 1282 1553 dare,
1304 1489 1334 1539 et

127 1561 249 1619 veniam
262 1568 401 1637 praestare
414 1560 643 1637 paenitentibus:
665 1561 717 1636 qui
730 1560 842 1632 dixisti,
859 1567 888 1616 te
905 1560 992 1616 malle
1013 1562 1216 1636 paenitentiam
1236 1582 1333 1637 pecca-

128 1648 231 1699 torum
263 1662 352 1717 quam
385 1647 535 1713 mortem;
575 1643 700 1711 concede
726 1661 802 1718 ergo,
832 1640 968 1711 Domine,
997 1648 1031 1697 ut
1065 1643 1122 1699 tibi
1154 1643 1333 1719 paenitentiae

130 1723 272 1780 excubias
286 1723 441 1795 celebrent,
457 1729 488 1779 εὴ
502 1723 638 1779 correctis
652 1722 767 1779 actibus
780 1722 840 1779 suis
861 1722 986 1778 conferri
1008 1723 1065 1778 sibi
1085 1743 1103 1780 a
1126 1728 1157 1780 te
1178 1723 1243 1781 Deo
1264 1724 1336 1782 vivo

129 1810 161 1861 et
174 1823 247 1861 vero
260 1805 438 1880 sempiterna
451 1803 558 1879 gaudia
571 1803 765 1880 gratulentur.
809 1802 868 1860 Per
881 1803 1050 1860 Dominum.

194 1921 326 1980 Cremus.
371 1922 480 1980 Oratio.

193 2002 286 2075 Deus,
310 2003 363 2079 qui
381 2004 462 2079 juste
485 2001 618 2059 irasceris
639 2007 669 2059 et
691 2002 849 2059 clementer
869 2001 994 2078 ignoscis
1005 2022 1014 2074 ;
1042 2002 1144 2060 afflicti
1164 2004 1267 2078 populi
1289 2004 1336 2060 tui

131 2083 269 2141 lacrimas
288 2084 404 2160 respice,
429 2089 459 2140 et
479 2083 554 2139 iram
574 2089 633 2139 tuae
655 2082 868 2158 indignationis
889 2102 978 2159 quam
998 2084 1080 2158 juste
1101 2103 1248 2141 meremur
1270 2104 1335 2160 pro-

131 2164 257 2241 pitiatus
271 2172 379 2223 averte.
423 2163 482 2221 Per
497 2163 649 2221 Christum
664 2164 827 2221 Dominum
840 2169 982 2220 nostrum.

195 2283 303 2342 Oratio

193 2364 306 2420 Praesta
332 2363 441 2439 populo
467 2369 530 2435 tuo,
561 2363 698 2434 Domine,
726 2382 900 2439 quaesumus,
930 2363 1136 2420 consolationis
1164 2364 1333 2435 auxilium3

129 2451 160 2502 et
175 2444 325 2501 diuturnis
339 2445 557 2501 calamitatibus
570 2445 754 2501 laborantem
770 2444 916 2520 propitius
938 2445 1080 2519 respirare
1102 2445 1232 2502 concede.
1276 2446 1336 2503 Per

131 2525 287 2584 Christum
300 2525 464 2583 Dominum
476 2531 619 2582 nostrum.

194 2647 326 2706 Oremus.
372 2647 480 2705 Oratio.

193 2729 322 2801 Exaudi,
338 2728 475 2800 Domine,
490 2747 589 2805 preces
603 2733 725 2797 nostras,
741 2734 771 2785 et
790 2729 995 2786 confitentium
1016 2729 1073 2786 tibi
1092 2749 1178 2806 parce
1199 2731 1334 2806 peccatis,

129 2814 173 2878 ut,
184 2829 257 2885 quos
271 2810 455 2867 conscientiae
470 2816 569 2866 reatus
583 2815 707 2881 accusat,
717 2809 902 2886 indulgentia
915 2816 975 2868 tuae
986 2811 1182 2868 miserationis
1192 2812 1332 2870 absolvat.

130 2891 193 2948 Per
207 2890 366 2948 Christum.

194 3011 327 3069 Oramus.
372 3011 479 3068 Oratio.

193 3092 361 3149 Praeveniat
383 3093 429 3149 his
451 3091 568 3149 famulis
584 3092 654 3164 tuis,
669 3111 845 3168 quaesumus,
860 3092 996 3164 Domine,
1012 3093 1211 3151 misericordia
1224 3099 1285 3166 tua,
1300 3103 1337 3152 ut

129 3191 234 3230 omnes
246 3173 420 3248 iniquitates
434 3192 534 3230 eorum
549 3172 637 3230 celeri
650 3173 835 3249 indulgentia
848 3174 1010 3232 deleantur.
1054 3174 1113 3231 Per
1132 3174 1291 3232 Christum.

191 3294 326 3447 {inciti}
333 3294 480 3447 Driiiihi?
485 3375 747 3452 supplicationibus
760 3376 869 3433 nostris
882 3397 889 3433 :
912 3396 965 3434 nec
979 3376 1018 3434 sit
1031 3378 1070 3434 ab
1083 3376 1129 3434 his
1142 3376 1261 3434 famulis
1274 3378 1336 3434 tuis

129 3455 296 3514 clementiae
311 3464 371 3513 tuae
385 3457 546 3532 longinqua
560 3457 727 3530 miseratio;
747 3477 818 3514 sana
831 3457 955 3514 vulnera
969 3477 1077 3526 eorum,
1093 3464 1123 3514 et
1137 3457 1255 3514 dimitte
1271 3478 1334 3533 pec-

129 3544 196 3595 cata
206 3557 216 3608 3
237 3545 271 3594 ut
286 3537 376 3593 nullis
389 3558 407 3594 a
420 3543 451 3594 te
468 3537 678 3613 iniquitatibus
696 3538 831 3614 separati,
850 3538 907 3596 tibi
929 3538 1058 3595 Domino
1080 3557 1193 3614 semper
1216 3539 1334 3596 valeant

129 3617 288 3676 adhaerere.
332 3618 390 3675 Per
403 3619 562 3676 Christum

191 3742 263 3799 Nara
277 3742 387 3799 dicitur
408 3742 541 3814 OremuS,
583 3743 739 3801 Absolutio.

193 3823 342 3880 Dominus
362 3823 451 3881 Jesus
468 3823 611 3894 Christus,
628 3825 679 3900 qui
696 3825 774 3881 dixit
796 3824 945 3900 discipulis
968 3824 1037 3896 suis,
1061 3843 1241 3900 quaecunque
1263 3824 1333 3900 liga-

132 3903 237 3961 veritis
250 3924 339 3980 super
352 3910 461 3961 terram
482 3911 570 3961 erunt
591 3905 682 3981 ligata
704 3905 788 3983 etin
810 3905 906 3977 caelis3
935 3912 966 3962 et
986 3924 1166 3980 quaecunque
1188 3905 1334 3963 solveritis

133 4003 222 4059 super
248 3990 368 4055 terram,
393 3991 481 4043 erunt
504 3986 601 4043 soluta
622 3993 652 4043 et
673 3986 705 4042 in
727 3986 818 4056 caelo;
851 3986 887 4042 de
908 4004 1033 4061 quorum
1054 4006 1177 4043 numero
1199 3987 1334 4061 quamvis

135 4064 272 4141 indignos
285 4086 339 4123 nos
353 4085 414 4123 esse
428 4066 544 4124 voluit:
575 4067 636 4143 ipse
659 4087 711 4124 vos
733 4065 959 4145 absolvatffiper
979 4067 1177 4124 ministerium
1198 4073 1333 4124 nostrum

138 4145 173 4201 ab
187 4147 322 4203 omnibus
338 4148 464 4223 peccatis
483 4148 589 4204 restris
610 4167 791 4224 quaecunque
811 4148 996 4223 cogitatione,
1010 4149 1165 4221 locutione,
1186 4153 1216 4205 et
1237 4168 1334 4224 opera-

139 4225 217 4302 tione
231 4228 413 4304 negligenter
431 4228 550 4303 egistis:
580 4234 610 4286 et
631 4230 669 4286 ab
690 4230 816 4286 nexibus
837 4235 1023 4304 peccatorum
1044 4229 1202 4300 absolutos,
1223 4249 1276 4286 ros
1296 4230 1333 4286 ad

140 4324 225 4382 regna
238 4309 374 4366 caelorum
388 4311 545 4384 perducere
559 4309 703 4386 dignetur.
748 4310 806 4366 Per
819 4309 990 4367 Dominum.
1034 4310 1174 4379 Quicum
1188 4309 1260 4367 Dec.

200 4386 376 4446 Misereatur
388 4391 489 4447 nostri.

199 4468 423 4530 Absolutionem
436 4478 466 4529 et
478 4471 686 4530 remissionem.
