2956 5002
666 313 786 380 Cenon
799 312 836 376 M
839 311 923 377 issa.

987 478 1052 537 MS.
1076 480 1114 537 D.

676 583 711 641 H
711 585 739 642 ic
752 584 912 643 committat
925 585 1078 643 Diaconns
1091 585 1237 644 Patenam
1249 583 1403 645 Sacerdoti

676 667 810 724 osculans
832 687 956 723 neanam
980 666 1049 742 ejas,
1073 675 1100 724 et
1121 675 1223 742 postea
1241 677 1338 743 ponat
1362 671 1404 727 ad

677 747 833 804 sinistrum
845 747 968 818 ocnlnm,
986 748 1090 805 deinde
1104 749 1145 804 ad
1159 749 1301 806 dextram.
1332 749 1404 808 Pos-

677 827 829 902 teafaciat
842 848 954 886 cracem
967 849 1034 885 cnm
1042 829 1158 886 Patena
1170 828 1252 886 altra
1266 839 1365 906 capnt,
1376 840 1404 889 ct

678 919 747 967 tnnc
761 919 881 985 reponat
894 909 1007 967 camin
1020 910 1114 968 haam
1127 930 1223 982 snam,
1238 910 1339 969 deceno
1347 936 1358 971 .·

192 1091 230 1146 da
250 1088 396 1166 propitius
416 1107 519 1164 pacem
539 1087 571 1143 in
592 1085 697 1144 diebus
717 1087 836 1159 nostris²
851 1092 896 1159 ut,
911 1106 965 1163 ope
986 1087 1193 1145 misericordia
1213 1093 1273 1146 tuae
1293 1089 1402 1166 adjuti,

192 1192 224 1242 et
236 1205 254 1242 a
267 1190 386 1261 peccato
400 1184 492 1242 simus
506 1202 622 1259 semper
635 1182 731 1253 liberi,
746 1189 777 1239 et
790 1184 827 1239 ab
842 1184 923 1240 omni
937 1185 1159 1260 perturbatione
1173 1186 1277 1244 securi

678 1279 738 1336 Hie
762 1279 951 1355 discooperiat
973 1279 1101 1339 Calicem
1121 1291 1147 1339 et
1166 1292 1265 1340 sumat
1286 1282 1405 1360 capae

679 1359 793 1418 Gltristi
822 1381 889 1418 cam
922 1361 1113 1420 inclinatione
1148 1373 1343 1440 transponens
1369 1366 1405 1423 in

678 1441 882 1499 concavitatem
900 1441 1009 1500 Calicis
1025 1443 1175 1503 retinendo
1194 1445 1272 1503 inter
1283 1446 1405 1522 pollices

677 1531 704 1580 et
723 1522 841 1594 indices,
865 1532 891 1580 et
902 1523 1033 1599 src'nqat
1052 1534 1079 1582 et
1100 1533 1156 1583 tres
1170 1535 1280 1601 partes,
1297 1528 1404 1602 prinu

678 1623 743 1661 vero
756 1605 830 1661 dam
843 1604 934 1664 dicit:

376 1702 435 1758 Per
456 1700 583 1758 eundem
604 1700 768 1758 Dominum
788 1707 924 1757 nostrum

381 1946 403 2003 J
404 1965 487 2002 esum
509 1944 663 2002 Christum
684 1944 796 2001 Filium
817 1950 911 2002 tuum.

679 2041 822 2099 Secunda.

192 2142 253 2211 Qui
265 2147 364 2200 tecum
377 2140 455 2198 vivit
469 2145 500 2197 et
510 2144 614 2216 regnat
627 2138 661 2194 in
674 2139 790 2195 unitate
805 2138 934 2215 Spiritus
949 2139 1052 2197 Sancti
1066 2141 1177 2199 Deus,⁸

676 2235 738 2293 Hic
753 2245 845 2293 teneat
859 2237 935 2293 dans
941 2236 1100 2310 fracturas
1112 2237 1147 2295 in
1160 2238 1284 2297 sinistra
1297 2261 1400 2313 neann,

677 2327 703 2375 et
724 2318 840 2374 tertiam
851 2317 1025 2391 fracturam
1038 2319 1074 2375 in
1086 2321 1203 2377 (latera
1216 2341 1312 2379 ntann
1325 2343 1403 2381 sum

677 2398 778 2456 mitate
793 2397 911 2469 Calicis,
927 2399 1044 2458 dicens:

351 2524 1129 2561 —

383 2704 442 2762 Per
467 2704 624 2761 om-ni·a
665 2703 821 2760 sae-cu-la
855 2703 1117 2762 sae-cu-lo-rum.

190 2890 357 2965 Hicfaeiat
375 2899 417 2948 ter
434 2891 553 2964 siqnnm
570 2910 634 2947 crn-
673 2889 733 2946 Hic
747 2911 813 2947 cnm
821 2890 974 2966 particula
987 2862 1077 2965 onam
1092 2900 1165 2950 tenet
1182 2892 1218 2950 in
1233 2913 1328 2951 mann
1343 2915 1400 2952 mm

191 2973 240 3045 cis,
256 2972 374 3033 dicens:
676 2971 792 3028 dextera
805 2971 907 3046 faciat
932 2981 974 3028 ter
995 2972 1113 3047 siynnm
1136 2974 1231 3032 cracis
1258 2996 1346 3052 snper
1369 2997 1401 3034 os

675 3051 794 3123 Calicis,
809 3053 907 3109 dicens
916 3077 926 3110 .·

329 3173 510 3285 {352—
536 3236 653 3277 -ο-ιι
727 3235 821 3276 --1
895 3235 1000 3275 -Ι-

390 3333 662 3415 Ρεικῆὧο-ωἰ-ῃί
696 3332 912 3412 εἰῖῷεθιῃ-Ρθτ
936 3333 1162 3414 vo·bis›1<cum

672 3538 708 3597 Si
727 3558 791 3596 oero
805 3537 968 3612 Episcopus
987 3537 1115 3610 celebrat,
1131 3547 1199 3613 post
1218 3538 1278 3596 Per
1298 3541 1401 3600 omnia

671 3619 777 3676 saecula
803 3618 986 3690 soeculorum,
1009 3618 1160 3676 Diaconns
1186 3619 1229 3677 acl
1249 3621 1400 3697 pcpnlmn

672 3719 823 3757 conversns
837 3699 973 3756 bacalum
987 3699 1125 3775 Episcopi
1138 3700 1173 3758 in
1185 3720 1281 3759 mann
1294 3703 1400 3760 electra

674 3791 778 3851 lenem,
789 3789 949 3837 curvatura
958 3780 1054 3837 baculi
1061 3782 1102 3838 ad
1110 3801 1138 3838 se
1148 3801 1292 3855 conversa,
1302 3784 1401 3845 (inat.-
1430 3800 1433 3805 “

681 3915 1401 4050 Q

716 4063 959 4119 Humi-lianc
976 4082 1029 4120 vos
1043 4063 1081 4119 ad
1096 4063 1397 4125 benedictionem.

673 4199 794 4258 Oltorns.
838 4200 903 4257 Deo
930 4201 1048 4276 petias,
1101 4201 1205 4260 Postea
1223 4201 1398 4280 Episcopm,

671 4281 864 4338 Encltaristia
883 4302 971 4356 saper
989 4282 1134 4339 Patenam
1153 4283 1288 4360 reposita,
1311 4306 1400 4362 neper

666 4363 812 4439 populum
816 4361 918 4436 faciat
932 4363 1160 4423 benedictionem.
1204 4364 1319 4427 Deinde
1332 4388 1399 4428 con

467 4483 480 4511 ⁸
498 4485 550 4530 MS.
563 4484 683 4530 A-Deus
698 4483 724 4528 in
740 4483 833 4530 unitate
850 4483 958 4544 Spiritus
975 4484 1064 4531 Sancti
