2926 4996
484 387 532 453 Ia
552 372 617 453 Dic
637 375 864 457 detensionis.
915 397 917 401 ’
943 429 945 432 >

499 594 540 653 Iu
561 612 615 654 nna
636 596 848 658 Ascnusmuis.

131 677 155 736 O
187 677 271 735 cium

129 679 201 815 VJini
220 757 344 829 Galilaei,
359 756 431 833 quid
448 757 636 822 admiramini
653 759 828 835 aspicientes
843 758 877 816 in
893 759 1005 832 oaelum,
1021 760 1156 838 alleluya,
1173 781 1272 838 quem-

67 838 228 897 admodum
255 838 371 895 vidistis
398 857 466 895 eum
493 839 698 896 ascendentem
723 839 757 896 in
784 839 905 898 caelum:
932 840 977 898 ita
1001 842 1109 915 veniet,
1134 841 1269 921 alleluya,

67 919 206 997 alleluya,
222 918 356 995 alleluya.

131 1001 275 1060 Palmae.

130 1081 264 1157 Cumque
278 1082 465 1138 intuerentur
478 1080 511 1137 in
524 1080 628 1138 caelum
639 1086 757 1138 euntem
771 1082 871 1141 illum:
885 1101 950 1140 ecce
963 1082 1022 1141 duo
1036 1083 1095 1140 viri
1109 1084 1269 1145 astiterunt

63 1163 155 1239 juxta
168 1162 235 1220 illos
248 1162 281 1218 in
294 1163 424 1219 vestibus
438 1161 529 1218 albis:
552 1163 603 1238 qui
617 1168 647 1219 et
660 1162 810 1219 dixerunt.

129 1241 189 1300 Iste
203 1243 604 1318 versusproecedensdicctur
617 1243 650 1299 iu
664 1243 711 1300 die
726 1251 849 1300 tautum.
905 1291 907 1295 .
958 1291 960 1295 .

73 1323 103 1380 V.
131 1325 242 1381 Omnes
262 1331 362 1400 gentes
378 1322 514 1400 plaudite
523 1324 676 1380 manibus:
694 1323 822 1399 jubilate
837 1324 901 1381 Deo
915 1325 948 1380 in
961 1344 1032 1382 voce
1046 1326 1245 1385 exultationis.

127 1403 187 1462 Iste
205 1425 301 1462 vasam
319 1403 574 1480 dicaturquott'die
592 1403 676 1479 tasso
691 1403 820 1478 Octavus,
837 1415 864 1463 et
877 1405 966 1464 etiusm
976 1405 1025 1464 die
1039 1417 1139 1465 octova
1152 1409 1269 1483 quaeda

67 1486 102 1544 da
115 1485 287 1543 Ascensioae
301 1485 425 1544 canitur.
607 1485 609 1489 ’

128 1566 237 1625 Oratio.

127 1647 268 1718 Concede,
285 1665 459 1722 quaesumus,
476 1644 662 1722 omnipotens
679 1646 771 1719 Deus,
785 1651 821 1703 ut
835 1647 887 1723 qui
906 1647 1049 1706 hodierna
1063 1649 1112 1706 die
1126 1649 1269 1728 Unigeni-

66 1735 132 1785 tum
160 1735 246 1786 tuum
273 1728 488 1803 redemptorem
514 1736 649 1784 nostrum
673 1727 711 1784 ad
738 1726 822 1784 caelos
849 1729 1012 1786 ascendisse
1035 1730 1188 1805 credimus,
1210 1733 1267 1810 ipsi

65 1828 183 1885 quoque
192 1814 296 1865 >mente
309 1808 342 1864 in
356 1807 519 1865 caelestibus
532 1807 707 1867 habitemus
759 1807 817 1865 Per
831 1807 964 1868 eundem.

124 1905 223 1962 Lectio
237 1904 364 1961 Aetatem
377 1903 579 1978 Apostolorum
593 1903 610 1982 (
617 1904 622 1916 ’
648 1902 734 1981 l-ll)

124 1986 262 2042 Primum
276 1986 395 2062 quidem
408 1985 571 2041 sermonem
588 1985 642 2041 feci
657 1985 693 2042 de
707 1986 851 2056 omnibus,
868 1985 893 2043 Ο
916 1986 1086 2063 Theophila,
1100 2009 1164 2064 quae
1179 1991 1267 2067 coepit

63 2067 84 2124 J
86 2087 153 2123 esus
174 2067 268 2124 facere
289 2072 320 2123 et
333 2066 436 2123 docere
457 2085 546 2141 usque
564 2067 605 2122 ud
625 2065 667 2123 sic
680 2067 789 2139 veniet,
805 2066 1054 2143 quemadmodum
1067 2069 1183 2128 vidistis
1197 2091 1265 2130 eum

65 2154 184 2204 euntem
199 2147 231 2203 in
245 2146 355 2204 calum.
1253 2185 1255 2188 ψ

123 2228 272 2304 Alleluya.
321 2227 350 2286 V.
379 2224 524 2285 Ascendit
546 2227 628 2284 Deus
648 2228 681 2284 in
698 2227 895 2304 jubilatione:
924 2234 955 2287 et
977 2228 1123 2287 Dominus
1143 2231 1176 2288 in
1194 2252 1265 2291 voce

62 2310 151 2366 tubae.

124 2389 271 2465 Alleluya.
320 2388 349 2447 V.
372 2388 544 2446 Ascendens
558 2388 693 2446 Christus
713 2390 746 2446 in
766 2388 879 2448 altum:
900 2389 1046 2466 captivam
1067 2391 1154 2450 duxit
1174 2395 1264 2472 capti-

61 2471 195 2542 uitatem,
210 2470 291 2528 dedit
304 2469 382 2527 dona
394 2469 569 2527 hominibus

120 2551 283 2625 Sequentia.

62 2632 130 2688 Rex
145 2631 338 2707 omnipotens,
354 2631 401 2688 die
414 2630 564 2703 hodierna,
580 2630 736 2708 alleluya*

62 2713 178 2770 Mundo
192 2712 365 2788 triumphali
379 2712 530 2788 redempto
543 2713 685 2787 potentia,

62 2793 170 2850 Victor
183 2793 314 2850 ascendit
327 2793 419 2864 caelos,
436 2793 514 2849 unde
528 2792 722 2852 descenderat.

60 2874 141 2931 Nam
157 2873 351 2951 quadraginta
364 2880 520 2949 postquam
534 2880 703 2931 surrexerat

60 2955 174 3012 Diebus
188 2955 276 3012 sacris
289 2955 464 3011 confirmans
476 2959 603 3028 pectora⁴

60 3036 280 3112 Apostolorum,
294 3035 373 3110 pacis
387 3055 453 3092 cara
466 3034 635 3110 relinquens
649 3035 756 3107 oscula,

59 3117 175 3186 Quibus
189 3122 219 3173 et
233 3116 315 3173 dedit
327 3121 500 3192 potestatem
515 3115 635 3173 laxandi
649 3115 781 3188 crimina,

58 3197 99 3255 Et
113 3199 196 3254 misit
209 3216 257 3254 eos
270 3197 303 3253 in
317 3197 470 3269 mundum,
485 3197 632 3272 baptizare
646 3203 766 3254 cimctas
780 3195 901 3270 animas,

57 3279 97 3336 In
111 3279 211 3336 Patris
221 3285 251 3334 et
266 3277 337 3334 Filii
350 3283 380 3335 et
395 3277 522 3352 Spiritus
537 3277 638 3334 Sancti
651 3277 806 3334 clementia
816 3297 826 3351 ,·

56 3359 98 3416 Et
111 3378 295 3430 convescens,
309 3358 447 3434 praecepit
461 3356 502 3414 eis
516 3358 553 3414 ab
567 3357 781 3435 Hierosolymis

56 3441 104 3497 Ne
119 3440 244 3512 abirent,
259 3439 309 3496 sed
322 3444 511 3514 expectarent
524 3438 665 3514 promissa
678 3457 819 3511 munera;

55 3521 127 3578 Non
142 3526 208 3596 post
221 3520 330 3576 multos
343 3520 422 3577 enim
436 3519 498 3576 dies
511 3519 630 3575 mittam
642 3519 726 3577 vobis
740 3519 884 3596 Spim'tum
898 3518 1080 3577 Paraclitum
1092 3520 1126 3578 in
1139 3527 1225 3596 terra,

56 3603 97 3658 Et
110 3601 195 3658 eritis
208 3601 282 3657 mihi
295 3606 384 3658 testes
397 3601 430 3656 in
444 3600 640 3673 Hierusalem,
656 3600 678 3658 J
678 3600 770 3673 udaea,
785 3598 846 3657 sive
861 3600 1001 3658 Samaria.

55 3681 96 3739 Et
109 3702 178 3739 cum
191 3681 246 3739 hoc
260 3681 392 3751 dixisset,
405 3680 573 3738 videntibus
586 3680 655 3753 illis,
671 3681 802 3738 elevatus
815 3687 868 3753 est,
884 3688 915 3738 et
928 3681 1021 3739 nubes
1034 3681 1113 3740 clara

55 3762 192 3838 Suscepit
206 3781 273 3819 eum
287 3762 325 3818 ab
338 3781 439 3818 eorum
453 3761 551 3818 oculis.
594 3761 788 3819 Intuentibus
801 3761 862 3819 illis
875 3761 993 3836 aethera,

54 3844 128 3901 Ecce
142 3849 250 3901 stetere
263 3842 364 3899 amicti
377 3842 435 3898 duo
449 3842 508 3898 viri
524 3842 557 3898 in
570 3848 651 3899 veste
664 3842 731 3899 alba

53 3924 151 3982 Juxta
165 3924 303 3995 dicentes,
320 3923 398 3992 Quid
411 3922 600 3980 admiramini
613 3922 750 3980 caelorum
764 3922 845 3980 altat

53 4006 73 4062 J
75 4025 141 4062 esus
154 4005 234 4062 enim
247 4004 305 4076 hic,
319 4004 371 4079 qui
384 4009 549 4080 assumptus
563 4009 607 4061 est
620 4023 638 4060 a
651 4003 734 4060 vobis
747 4004 785 4060 ad
799 4002 898 4060 Patris
911 4003 1072 4080 dexteram,

55 4086 99 4143 Ut
113 4086 253 4157 ascendit,
268 4086 312 4142 ita
324 4085 432 4157 veniet,
449 4104 581 4161 quaerens
594 4084 701 4142 talenti
715 4084 860 4141 commissi
873 4084 963 4142 lucra.

55 4167 78 4224 Ο
93 4168 176 4225 Deus
190 4167 287 4237 maris,
303 4165 370 4241 poli,
386 4166 458 4236 arvi,
473 4165 622 4222 hominem
636 4165 814 4240 quicreasti,
830 4184 918 4240 quem
930 4166 1033 4224 fraude
1047 4167 1170 4229 subdola
1218 4193 1220 4197 ·

54 4245 157 4305 {Testis
171 4246 288 4324 expulit
300 4246 433 4322 paradiso
448 4252 478 4303 et
492 4246 673 4322 captivatum
687 4265 785 4303 secum
798 4247 893 4304 traxit
905 4246 944 4304 ad
956 4252 1076 4320 tartara,

55 4327 200 4404 Sanguine
214 4328 332 4405 proprio
346 4346 434 4403 quem
447 4327 597 4384 redemisti
610 4325 699 4396 Deus,

56 4407 128 4466 lllue
142 4416 173 4467 et
186 4407 332 4485 provehis,
345 4408 422 4466 unde
435 4408 517 4486 prius
531 4407 651 4480 corruit,
665 4407 794 4484 paradisi
806 4407 920 4486 gaudia

574 4532 644 4580 'Om
660 4532 733 4586 MSS.
