2926 4996
371 363 554 431 Dominico
566 363 611 429 in
624 364 977 430 RomisPolrnnrnna.
1225 370 1272 436 85,

67 540 160 591 terras
172 552 182 605 ;
209 537 241 591 et
262 532 517 610 appropinquante
534 532 608 590 hora
628 533 771 608 passionis
793 552 853 590 suae
872 532 1109 608 Hierosolymam
1132 533 1164 590 in
1188 533 1270 591 asino

66 614 170 672 sedens
186 613 296 687 venire,
311 620 342 671 et
360 634 378 670 a
396 614 491 671 turbis
512 633 565 670 rex
586 613 729 689 appellari
748 633 782 670 ao
796 614 912 671 laudari
923 614 1020 671 voluit
1029 634 1038 686 ,·
1058 611 1269 693 beneffldieere

64 695 186 770 dignare
205 695 259 752 hos
279 695 443 772 palmarum
462 700 684 770 ceterarumque
702 695 841 751 arborum
855 714 958 767 ramos,
974 701 1010 751 ut
1028 713 1129 752 omnes
1150 695 1202 770 qui
1220 714 1269 752 eos

66 775 158 832 laturi
181 781 260 847 sunt,
277 777 321 834 ita
333 772 587 854 beneffldictionis
604 781 664 833 tuae
681 776 758 832 dono
772 775 949 851 repleantur,
965 781 1111 851 quatenus
1125 782 1156 832 et
1169 777 1202 832 in
1215 775 1270 832 hoc

65 857 171 914 sacerdo
196 856 290 918 hostis
317 856 434 932 antiqui
462 862 648 913 tentamenta
675 875 819 931 superare,
846 862 876 913 et
899 856 931 913 in
955 857 1057 913 futuro
1081 876 1148 913 cum
1171 856 1270 933 palma

64 938 197 995 victoriae
212 944 243 995 et
257 938 358 996 fructu
371 938 517 994 bonorum
532 956 653 1014 operum
671 937 728 994 tibi
741 937 860 994 valeant
878 957 1024 1014 apparere.
1067 937 1127 994 Per
1144 937 1269 995 eundem

64 1017 227 1076 Christum.

125 1099 259 1156 Oremus.

125 1181 235 1238 Oratio.

124 1260 321 1336 Omnipotens
342 1260 433 1332 Deus,
447 1260 552 1317 mundi
573 1260 707 1318 conditor
727 1266 757 1318 et
778 1259 954 1336 redemptor,
976 1260 1029 1336 qui
1048 1266 1156 1317 nostrae
1175 1260 1267 1318 salva-

63 1342 154 1398 tionis
176 1342 273 1418 gratia
290 1361 327 1398 ex
351 1361 466 1398 summa
490 1341 554 1398 caeli
575 1361 640 1398 arce
663 1342 844 1413 descendere,
866 1360 984 1398 samem
1005 1360 1127 1412 sumere,
1151 1347 1181 1398 et
1200 1361 1265 1417 pas·

63 1423 176 1479 sionem
203 1423 302 1480 subire
329 1423 467 1498 dignatus
491 1441 521 1479 es
531 1443 539 1494 3
573 1423 692 1497 quique,
717 1443 783 1480 cum
808 1422 845 1479 ad
873 1422 1032 1479 salutarem
1055 1421 1265 1498 redemptionis

62 1511 172 1560 nostrae
186 1503 338 1560 victimam
352 1503 536 1579 properabas,
551 1523 569 1559 a
589 1504 685 1560 turbis
699 1523 766 1560 cum
785 1503 873 1559 ramis
894 1503 1059 1579 palmarum
1075 1502 1264 1559 obviantibus

62 1584 206 1655 benedici,
221 1584 343 1656 laudari,
363 1590 393 1641 et
415 1603 469 1640 rex
491 1584 662 1641 benedictus
685 1584 717 1640 in
738 1585 858 1641 nomine
880 1583 1004 1641 Domini
1025 1583 1167 1659 appellari
1189 1583 1266 1640 clara

61 1684 133 1722 voce
154 1665 295 1737 voluisti'3
322 1670 366 1736 tu,
392 1665 528 1736 Domine,
552 1665 739 1722 consessionis
760 1671 867 1722 nostrae
888 1664 1089 1721 laudationem
1108 1664 1266 1740 dignanter

61 1746 195 1821 suscipe,
216 1752 247 1803 et
260 1746 314 1803 hos
327 1746 491 1822 palmarum
506 1751 595 1821 atque
615 1746 721 1802 florum
742 1742 838 1802 ramds
853 1742 1063 1824 beneffldicere
1077 1750 1107 1802 et
1128 1743 1263 1824 sanctiffl

60 1827 148 1883 ficare
170 1826 300 1903 digneris
309 1847 318 1898 3
342 1832 378 1882 ut
392 1827 560 1902 quicunque
580 1827 612 1882 in
633 1833 692 1883 tuae
714 1827 879 1884 devotionis
893 1826 1031 1902 obsequio
1050 1826 1157 1883 exinde
1170 1833 1264 1902 gesta·

59 1908 146 1984 verit,
178 1908 287 1965 caelesti
314 1907 518 1964 benedictione
543 1908 741 1964 sanctificatus
770 1907 895 1964 salutem
923 1912 953 1964 et
975 1907 1140 1979 sanitatem,
1167 1927 1264 1983 peeca—

59 1994 219 2064 torumque
243 1988 443 2046 remissionem
468 2008 502 2045 ac
526 1988 596 2045 vitae
617 1994 735 2045 aeternae
760 1989 880 2064 praemia
900 1989 1038 2064 consequi
1057 1993 1214 2059 mereatur,
1233 1994 1264 2044 te

59 2075 220 2140 annuente,
235 2069 288 2145 qui
300 2069 377 2125 vivis
391 2075 422 2126 et
435 2067 565 2145 regnas*

121 2150 236 2208 Deinde
249 2158 443 2226 aaperpnntnr
463 2170 542 2224 aqna
563 2149 716 2221 decredidit,
732 2159 758 2207 et
772 2158 873 2224 postea
894 2149 1104 2223 thurificentur,
1121 2158 1147 2205 et
1167 2149 1265 2206 distri-

59 2232 192 2288 buentur
201 2256 210 2290 :
232 2232 304 2288 etin
319 2231 521 2288 distributione
534 2231 707 2306 patratorum
723 2240 873 2288 cantentur
887 2230 931 2286 lace
940 2227 1262 2307 Antiphonae[Praecen-

59 2321 119 2369 tore
132 2311 404 2386 incipiente—MS.
422 2309 474 2391 D]

120 2391 212 2449 Pueri
234 2393 440 2463 Hebraeorum,
462 2392 599 2450 tollentes
621 2412 717 2448 ramos
738 2392 892 2465 olivarum,
907 2390 1102 2448 obviaverunt
1122 2390 1259 2461 Domino,

58 2473 221 2530 clamantes
235 2479 266 2530 et
279 2473 425 2530 dicentes:
450 2473 595 2530 Hosanna
609 2474 641 2530 in
655 2473 784 2530 excelsis.

119 2553 300 2629 Antiphone.

120 2633 212 2692 Pueri
235 2635 430 2692 Hebraeorum
452 2635 630 2692 vestimenta
651 2635 877 2710 prosternebant
900 2634 934 2690 in
958 2633 1014 2706 via,
1041 2639 1071 2690 et
1096 2634 1262 2690 clamabant

58 2716 190 2774 dicentes
201 2737 208 2773 :
228 2716 373 2773 Hosanna
384 2716 461 2772 Filio
473 2716 572 2772 David
582 2736 591 2787 3
612 2715 790 2772 Benedictus
801 2715 853 2791 qui
863 2715 947 2772 venit
958 2717 988 2771 in
999 2715 1119 2771 nomine
1130 2715 1260 2772 Domini.

120 2796 191 2853 Ant.
244 2796 390 2853 Hosanna
418 2796 495 2853 Filio
524 2796 642 2868 David,
676 2797 854 2853 Benedictus
885 2797 937 2871 qui
963 2797 1047 2853 venit
1079 2796 1112 2852 in
1144 2795 1262 2853 nomine

57 2877 192 2949 Domini,
215 2897 269 2934 rex
290 2876 390 2934 Israel.
435 2878 580 2934 Hosanna
600 2877 632 2933 in
653 2877 781 2934 excelsis.

118 2958 191 3016 Post
218 2957 452 3016 distributionem
480 2957 654 3033 perimerunt
681 2959 761 3015 dicut
787 2957 953 3017 Prcelntnst
985 2955 1140 3037 [Eneentor
1169 2957 1261 3032 Officii

57 3039 121 3096 MS.
139 3037 193 3119 D.]
215 3038 400 3096 Veraienlnrn.

117 3120 168 3176 Ex
192 3139 243 3177 ore
267 3119 435 3189 infantium,
457 3120 548 3191 Deus,
571 3127 602 3177 et
623 3119 797 3176 lactentium
821 3119 968 3195 perfecisti
989 3119 1114 3191 laudem,
1140 3124 1261 3195 propter

58 3201 192 3258 inimicos
213 3207 289 3258 tuos.

117 3282 252 3340 Oremus.

117 3362 229 3420 Oratio.
640 3420 642 3425 ,
892 3401 894 3408 ι

115 3444 312 3519 Omnipotens
323 3443 499 3519 sempiterne
509 3441 599 3514 Deus,
610 3442 662 3519 qui
674 3443 836 3499 Dominum
847 3449 982 3500 nostrum
990 3441 1012 3499 J
1013 3461 1095 3499 esum
1106 3441 1256 3498 Christum

58 3523 103 3580 die
116 3543 286 3599 azymorum
301 3543 389 3600 super
401 3524 517 3599 pullum
534 3523 623 3581 asinae
641 3523 740 3580 sedere
754 3524 882 3596 voluisti,
897 3544 929 3581 ac
944 3542 1048 3599 pueros
1061 3523 1256 3579 Hebraeorum

59 3605 235 3661 vestimenta
262 3605 310 3661 vel
334 3624 429 3661 ramos
452 3605 597 3661 olivarum
621 3605 654 3662 in
677 3605 727 3661 via
754 3611 891 3676 sternere,
908 3611 938 3661 et
964 3605 997 3660 in
1021 3603 1138 3660 laudem
1165 3603 1258 3678 ipsius

61 3683 201 3742 Hosanna
215 3685 292 3742 Filio
307 3684 405 3742 David
419 3685 575 3742 decantare
589 3686 733 3757 docuisti,
754 3685 798 3756 da,
811 3704 986 3761 quaesumus,
1000 3691 1035 3740 ut
1048 3684 1257 3741 innocentium

61 3763 174 3823 laudem
194 3767 227 3823 in
247 3766 358 3841 templo
379 3766 571 3823 clamantium
592 3772 622 3822 et
642 3785 743 3823 eorum
764 3767 870 3823 merita
889 3767 922 3822 in
939 3764 1102 3822 caelestibus
1119 3766 1258 3839 consequi

65 3863 228 3904 mereamur.
272 3845 331 3903 Per
345 3847 471 3904 eundem
487 3847 648 3904 Christum.

119 3942 191 4000 Edd
221 3942 309 4000 MSS.
338 3943 372 4000 B.
397 3952 424 4001 et
451 3942 571 4001 n-In
597 3944 641 4000 in·
743 3940 1257 4022 [MS.D.—DeindeineeptoaProe-

72 4039 155 4091 presan
169 4023 367 4099 processionis.
410 4022 514 4098 Sieqne
527 4025 641 4098 incepta
682 4033 789 4081 eentere
799 4025 883 4081 Ante
892 4044 943 4082 sex
952 4024 1021 4096 dies,
1033 4034 1112 4082 eneat
1115 4025 1257 4099 processo

74 4099 226 4176 Antiphone
255 4105 384 4179 sequenti
407 4125 427 4162 a
452 4105 637 4177 Proeeentore,
680 4104 1259 4180 directepercorpnsd'celesiceadcuriam

76 4185 190 4250 procedet
197 4185 341 4261 processio
355 4206 446 4260 usqne
461 4186 624 4244 tentorium.
681 4186 886 4261 orclriepiseopi
899 4206 932 4243 ear
948 4195 1030 4262 porte
1045 4186 1151 4244 boreali
1168 4185 1260 4244 Eccle-

682 4267 740 4338 siae,
753 4277 779 4324 et
793 4266 834 4324 iti
848 4270 909 4341 fiat
922 4264 1031 4346 statie]

84 4388 205 4492 A,ss'fislld
225 4392 252 4439 O.
264 4393 337 4440 omits
353 4394 393 4439 the
409 4393 544 4439 remainder
560 4393 586 4439 of
607 4394 658 4440 this
675 4397 730 4452 part
748 4394 772 4439 of
794 4395 835 4439 tho
852 4394 933 4453 Office,
949 4394 997 4440 and
1017 4409 1075 4453 goes
1092 4409 1123 4440 on
1141 4394 1200 4439 with
1218 4394 1258 4439 tha

160 4463 212 4496 m
280 4511 294 4572 †
314 4510 354 4557 Vel
362 4511 473 4558 Sacerdos
483 4518 584 4571 capatus,
594 4512 616 4558 ri
625 4512 737 4559 Prolatus
747 4527 791 4558 non
801 4512 985 4573 astiterit-MS.
997 4512 1024 4562 E.
