2926 4996
469 378 573 444 derio
592 377 647 444 iii.
665 384 742 464 post
762 376 898 473 Pascha.

557 582 658 640 Fnara
681 582 805 640 Turris.

140 704 193 763 Ad
205 645 338 762 1111111111
383 704 524 780 Officium.

140 787 234 862 Aqua
260 785 411 861 sapientiae
438 785 554 862 potavit
580 804 636 857 eoa,
662 756 829 860 alleluya,
839 783 1039 842 firmabitur
1030 804 1063 841 1n
1082 784 1149 857 illis,
1173 772 1284 844 11111

97 865 227 940 lactetur,
243 865 391 942 alleluya.
416 873 447 924 et
461 865 605 924 exaltabit
619 885 667 923 eos
680 866 713 922 in
727 853 871 923 aeternum
871 865 1030 942 ,alleluya
1044 866 1178 941 alleluya

140 911 287 1004 Prothous.
1270 993 1274 1005 .

143 1027 334 1086 Confitemini
351 1027 480 1085 Domino
494 1027 634 1105 quoniam
648 1027 761 1084 bonus:
793 1026 932 1103 quoniam
955 1026 989 1084 in
1013 1028 1152 1085 saeculum
1175 1026 1285 1086 miseri·

97 1108 181 1168 ordia
203 1109 272 1184 eius.
1314 1106 1317 1110 ’

144 1189 254 1247 Oratio.
1129 1258 1132 1270 ι

100 1332 102 1336 ,
143 1270 235 1343 Deus,
256 1271 308 1347 qui
328 1269 487 1341 Ecclesiam
509 1275 593 1326 tuam
613 1287 691 1326 novo
712 1289 826 1344 semper
846 1269 911 1326 fetu
933 1269 1111 1346 multiplicas
1122 1289 1131 1342 3
1159 1269 1284 1328 concede

97 1350 212 1408 'amulio‘
224 1352 293 1424 tuis,
316 1357 351 1407 ut
373 1353 588 1408 sacramentum
609 1344 736 1407 vivendo
757 1355 887 1423 teneant,
908 1351 986 1426 quod
1003 1351 1060 1409 fide
1081 1355 1281 1428 perceperunt

97 1431 144 1489 Per
164 1431 335 1488 Dominum.

144 1513 240 1570 Lectio
253 1511 381 1570 Actorum
394 1509 597 1587 Apostolorum
615 1510 695 1587 (otii.
713 1510 826 1587 26-33).

145 1593 184 1650 In
198 1594 300 1651 diebus
313 1593 381 1664 illis,
397 1593 525 1669 Surgens
540 1592 657 1659 Paulus,
674 1598 705 1648 et
718 1611 809 1649 manu
823 1591 974 1648 silentium
987 1591 1120 1652 indicens
1133 1588 1195 1653 ait:
1214 1590 1286 1650 Viri

97 1673 199 1748 intres,
221 1674 280 1752 'filii
300 1674 415 1750 generis
439 1673 593 1730 Abraham
620 1693 710 1748 osque
734 1673 775 1730 od
801 1674 978 1730 resuscitans
1001 1672 1108 1731 Jesum
1132 1670 1285 1732 Christum

97 1754 250 1812 Dominum
263 1760 406 1812 nostrum.¹

147 1835 282 1893 Grodolo.

145 1916 222 1973 Haec
242 1917 311 1973 dies.
440 1988 442 1992 λ
1273 1979 1276 1987 ,

97 1996 119 2054 V.
146 1996 258 2053 Dicant
271 2015 349 2052 nunc
363 1996 416 2071 qui
432 1994 577 2071 redempti
595 2002 697 2052 sunta
711 1994 863 2052 Domino:
895 2015 968 2071 quos
989 1995 1116 2053 redemit
1136 1996 1173 2054 de
1194 2016 1285 2054 manu

97 2077 198 2135 nimici
210 2097 219 2150 ;
240 2077 276 2134 de
289 2076 456 2153 regionibus
470 2076 659 2152 congregavit
672 2095 728 2132 eos.

144 2157 294 2233 Alleluya.
356 2157 384 2215 V.
420 2157 555 2232 Angelus
586 2156 709 2213 Domini
739 2155 888 2214 descendit
915 2155 951 2214 de
978 2156 1057 2228 caelo,
1087 2162 1117 2214 et
1147 2157 1286 2216 accedens

97 2238 213 2298 evolvit
228 2239 363 2314 lapidem,
378 2243 409 2294 11
422 2238 541 2294 sedebat
555 2256 642 2313 super
655 2256 731 2294 eum.

97 2320 118 2378 7.
146 2319 339 2394 Respondens
361 2325 461 2375 autem
482 2319 602 2393 angelus
619 2318 696 2375 dixit
715 2317 908 2376 mulieribus:
931 2317 1026 2387 Quem
1040 2317 1193 2394 quaeritisl
1220 2319 1286 2377 Illa

97 2406 186 2459 ,11111
200 2400 359 2456 dixerunt:
382 2399 404 2457 J
406 2418 488 2455 esum
501 2398 697 2456 Nazarenum.

144 2480 310 2555 Sequentia.

165 2561 307 2625 Victimae
322 2559 456 2617 Paschali
470 2559 570 2617 laudes
583 2559 739 2616 immolant
753 2558 923 2617 Christiani.
1004 2613 1007 2621 ,

134 2684 135 2687 ¹
165 2642 274 2718 Agnus
284 2641 409 2698 redemit
417 2660 493 2711 oves,
505 2641 639 2698 Christus
646 2640 785 2697 innocens
800 2640 885 2697 Patri
897 2640 1098 2698 reconciliavit
1111 2647 1284 2716 peccatores.

166 2722 252 2780 Mors
275 2728 305 2779 11
327 2723 390 2779 vita
410 2719 509 2778 duello
530 2722 687 2798 conflixere
709 2721 852 2794 mirando,
867 2721 930 2778 dux
942 2721 1014 2778 vitae
1028 2727 1163 2781 mortuus
1182 2727 1286 2800 regnat

248 2822 341 2859 v1vus.

166 2883 226 2941 Dic
239 2883 332 2956 nobis,
348 2882 453 2954 Maria,
469 2882 541 2959 quid
554 2883 657 2939 vidisti
670 2882 703 2938 in
717 2882 784 2940 rial

167 2964 362 3040 Sepulchrum
376 2963 487 3020 Christi
501 2964 638 3035 viventis,
654 2969 684 3020 et
697 2963 820 3039 gloriam
835 2962 899 3020 vidi
911 2964 1098 3040 resurgentis,

165 3045 326 3120 Angelicos
339 3050 436 3113 testes,
452 3044 603 3101 sudarium
617 3051 647 3101 et
660 3049 763 3101 vestes.
791 3072 792 3078 .
819 3069 821 3075 ’
878 3072 879 3075 “

166 3125 305 3182 Surrexit
320 3124 455 3182 Christus
468 3144 532 3201 spes
546 3132 654 3196 nostra,
669 3124 814 3200 praecedet
827 3144 879 3181 vos
892 3124 925 3180 in
939 3123 1100 3183 Galilaeam.

168 3206 354 3264 Credendum
376 3211 420 3262 est
442 3206 534 3281 magis
555 3205 611 3262 soli
629 3205 733 3262 Mariae
755 3206 861 3277 veraci,
884 3224 972 3280 quam
994 3205 1168 3263 Judaeorum
1191 3205 1287 3267 turbae

248 3287 352 3344 fallaci.

167 3367 282 3425 Scimus
297 3367 447 3424 Christum
461 3367 621 3424 surrexisse
634 3385 651 3423 a
665 3366 790 3424 mortuis
803 3385 891 3424 vere:
920 3371 955 3422 tu
976 3365 1069 3438 nobis,
1092 3365 1189 3426 victor
1206 3366 1286 3441 Rex,

248 3448 392 3506 miserere

147 3529 315 3588 Secundum
328 3529 440 3585 Ioooom
459 3528 476 3604 (
477 3548 551 3584 1111
570 3528 618 3585 36-
620 3529 657 3585 47
658 3527 683 3606 )

148 3610 187 3667 11
201 3610 253 3666 1111
267 3615 407 3685 tempore,
422 3609 513 3665 Stetit
526 3609 548 3666 J
549 3628 614 3665 esus
632 3609 665 3664 in
686 3608 781 3665 medio
796 3606 1006 3700 discipulorum
1019 3627 1148 3681 suorum,
1164 3585 1194 3666 et
1208 3607 1287 3666 dixit

97 3689 147 3747 eis.
169 3690 235 3747 Pax
248 3690 331 3746 vobis
352 3710 441 3764 usquo
462 3691 502 3747 od
523 3694 553 3746 et
573 3689 754 3765 praedicar'i
745 3709 778 3746 11
801 3688 920 3747 nomine
940 3689 1003 3766 ejus
1023 3689 1235 3772 poenitentiam,
1256 3694 1288 3747 et

97 3771 289 3828 remissionem
302 3771 508 3846 peccatorum
500 3790 532 3826 1n
547 3790 647 3827 omnes
660 3776 770 3848 gentes.

149 3852 252 3910 Credo.

149 3932 240 4007 Offert
242 3932 344 3989 orium.

147 4013 290 4070 Intonuit
311 4013 346 4069 de
370 4013 440 4070 coelo
464 4012 628 4078 Dominus:
657 4019 688 4069 et
711 3974 886 4070 Altissimus
908 4011 990 4068 dedit
1007 4031 1107 4070 vocem
1129 4031 1229 4072 suam:
1258 4018 1288 4073 et

97 4100 290 4171 apparuerunt
304 4094 399 4151 fontes
411 4114 565 4170 aquarum,
579 4094 714 4170 alleluya.

147 4176 271 4235 Secreto.

146 4257 278 4332 Suscipe,
294 4255 430 4327 Domine,
446 4256 577 4313 fidelium
590 4275 689 4333 preces
704 4276 770 4313 cum
785 4229 983 4313 oblationibus
996 4253 1169 4327 hostiarum,
1183 4261 1219 4314 ut
1237 4274 1291 4332 per

97 4349 177 4470 3111
176 4338 233 4414 piae
261 4337 425 4394 devotionis
456 4337 557 4410 officia,
587 4338 625 4394 ad
659 4339 802 4395 caelestem
833 4336 957 4414 gloriam
984 4341 1176 4396 transeamus.
1231 4336 1290 4396 Per

117 4420 262 4478 ominum.

145 4472 918 4580 1311111111.Ε1111111111.011111111111111,11
934 4468 1177 4578 Η11111111111,

486 4596 508 4636 rr
