2926 4996
587 376 729 444 Sobbcto
748 367 882 443 Sancto

107 557 1322 719 <Q

141 753 275 810 'porum
288 752 471 808 conces-ss,
495 734 528 792 in
556 734 764 810 hispss-chs
789 734 881 824 -1li-
900 735 956 792 bus
989 736 1155 812 gau-di-is
1190 755 1320 795 con-ser·

171 1104 292 1142 va-re
332 1084 459 1161 dig-ne
503 1119 516 1130 ·
560 1084 609 1142 ris.

191 1239 251 1297 Per
269 1238 432 1296 Dominum
445 1241 582 1295 nostrum
595 1238 619 1297 J
619 1256 702 1296 esum
716 1235 869 1295 Christum
890 1237 1003 1296 Filium
1023 1244 1119 1296 tuum.
1163 1238 1225 1309 Qui
1239 1244 1332 1297 tecum

130 1320 208 1378 vivit
231 1325 263 1378 et
286 1326 391 1396 regnat
415 1319 448 1376 in
471 1318 589 1377 unitate
613 1319 743 1396 Spiritus
763 1318 866 1376 Sancti
886 1318 977 1378 Deus.
1033 1319 1092 1378 Per
1112 1321 1213 1378 omnis
1233 1320 1333 1378 saeculu

130 1401 311 1459 sseculorum.
352 1400 461 1459 Amen.

190 1494 262 1552 Hoec
279 1493 384 1564 Lectio,
403 1494 478 1551 sicem
495 1501 520 1551 et
538 1502 681 1569 sequentes
697 1492 851 1565 lectiones,
871 1493 932 1552 sine
951 1494 1034 1552 titulo
1052 1494 1166 1569 lepatur
1185 1492 1232 1575 [in
1245 1495 1333 1554 medio

132 1574 336 1635 Otos-MS.
352 1571 406 1654 D.]
426 1575 460 1632 in
472 1573 689 1650 Supespelliceis
705 1595 725 1631 a
737 1575 934 1650 superioribus
948 1574 1044 1646 Otori,
1058 1576 1211 1650 praetotius
1229 1576 1334 1634 descen»

130 1657 232 1715 dendo,
267 1655 416 1713 Praeletees
431 1657 550 1714 interim
565 1655 674 1715 Casula
692 1655 904 1714 inreverentia
921 1656 1047 1714 indutus
1060 1677 1127 1714 cum
1139 1657 1293 1715 Ministsis
1304 1657 1335 1714 in

129 1737 220 1808 Albis,
237 1737 437 1813 preeuntibus
457 1735 657 1812 &miseseriis
678 1737 864 1811 inprede'otur
883 1738 924 1794 od
944 1738 1057 1807 αἰῶνα
1078 1746 1104 1795 et
1123 1737 1264 1797 Oratione
1282 1737 1334 1796 Dc

130 1818 241 1876 misico
253 1819 335 1875 intro
348 1827 432 1876 sentet
448 1818 547 1893 speum
562 1827 629 1875 ante
648 1819 761 1892 prades
773 1816 887 1875 Alteris
906 1827 1006 1877 secrete
1017 1817 1115 1894 facto,
1130 1818 1237 1893 sedent,
1253 1819 1337 1877 docter

174 1908 244 1957 etur

131 1899 173 1975 kq
190 1979 288 2038 Lectio
296 1979 406 2056 prima.
450 1977 538 2058 (Gen.
554 1979 584 2050 i,
599 1978 631 2036 ti.
650 1979 676 2050 1,
693 1979 740 2055 2.)

189 2073 230 2131 In
243 2072 389 2150 principio
402 2072 514 2149 creavit
526 2092 617 2146 usque
630 2072 671 2130 cd
685 2072 764 2148 quod
777 2077 918 2148 patrarat.

189 2163 338 2220 Proelotus
351 2163 436 2221 dicat.
481 2160 615 2219 Oremus.

191 2256 302 2315 Oratio.

189 2337 281 2410 Deus,
302 2337 355 2414 qui
374 2335 553 2395 mirabiliter
571 2334 721 2393 hominem
742 2335 849 2393 creasti
868 2340 900 2393 et
918 2333 1084 2393 mirabilius
1104 2334 1260 2394 redemisti
1269 2356 1278 2409 3
1300 2335 1338 2394 ds

129 2419 221 2492 nobis,
238 2438 414 2496 quaesumus,
430 2423 533 2475 contra
546 2417 762 2481 oblectamenta
778 2417 891 2492 peccati
911 2416 1019 2482 mentis
1039 2417 1155 2476 ratione
1171 2417 1337 2494 persistere,

129 2506 165 2557 ut
179 2519 344 2558 mereamur
357 2500 395 2557 ad
408 2499 516 2576 gaudia
529 2503 639 2555 seterna
652 2497 813 2574 pervenire.
856 2497 915 2555 Per
929 2497 1103 2557 Dominum.

189 2581 285 2640 Lectio
299 2582 433 2639 secunde.
477 2579 599 2656 (Exodi.
615 2579 671 2635 seio.
688 2578 787 2650 24-31,
809 2599 853 2636 cv.
872 2577 918 2656 l.)

190 2662 318 2720 Factum
339 2660 439 2718 estin
459 2659 563 2737 vigilie
586 2660 744 2731 matutina,
765 2667 796 2717 et
817 2679 882 2717 ecoe
901 2659 1059 2736 respiciens
1080 2659 1231 2718 Dominus
1250 2678 1337 2737 super

129 2747 225 2801 oestro
242 2763 333 2817 usque
350 2743 391 2800 ud
409 2741 493 2798 Tunc
511 2739 617 2798 cecinit
635 2740 754 2817 Moyses
768 2747 799 2798 et
811 2740 867 2798 filii
883 2740 979 2798 Israel
997 2760 1114 2799 carmen
1126 2741 1183 2799 hoc
1197 2741 1336 2812 Domino,

130 2829 161 2881 et
175 2823 326 2880 dixerunt.
504 2820 508 2827 ’
702 2821 712 2828 ”

190 2913 262 2996 [Hic
285 2915 408 2974 Tractus
428 2933 546 2990 sequens
565 2922 698 2971 canutus
717 2914 752 2971 in
771 2915 864 2973 medio
884 2914 975 2975 Otos
990 2935 1010 2972 a
1026 2915 1139 2973 duobus
1165 2914 1291 2973 Vieariis
1305 2915 1357 2973 de·

130 2997 332 3137 ammiti&
345 2997 386 3135 ig
395 2995 486 3159 ῗαρὶε
505 2995 610 3066 semeis,
628 2995 704 3053 sieut
724 3003 751 3053 et
771 3005 865 3054 reterre
885 3004 1037 3072 sequentes,
1056 2996 1210 3070 prodetim
1230 2997 1339 3055 descen-

208 3099 275 3136 0.-
334 3122 340 3136 .
389 3121 395 3135 .

192 3172 353 3311 iiiiii&
367 3251 508 3325 Domino,
521 3250 646 3328 gloriose
660 3249 740 3307 enim
756 3249 966 3309 honorificatus
986 3255 1049 3323 est3
1070 3269 1181 3326 equum
1196 3255 1228 3308 et
1242 3269 1341 3324 ascen-

131 3354 227 3394 sorem
240 3334 364 3411 projecit
376 3333 410 3391 in
422 3352 523 3406 mere3
541 3332 661 3409 adjutor
673 3336 704 3388 et
717 3337 867 3408 protector
879 3332 974 3390 fuctus
987 3336 1033 3390 est
1045 3331 1122 3389 mihi
1134 3331 1167 3388 in
1181 3331 1318 3389 sulutem.

139 3415 168 3475 V.
195 3416 257 3474 Hic
271 3415 464 3488 Deus'meus,
478 3419 509 3472 et
526 3413 726 3471 honorificabo
744 3433 831 3471 eum:
851 3413 934 3471 Deus
950 3413 1049 3471 Patris
1066 3411 1135 3485 mei,
1150 3417 1182 3471 et
1200 3413 1339 3472 exultabo
1372 3474 1376 3480 ,

134 3517 211 3556 cum.

140 3579 169 3637 V.
196 3577 343 3636 Dominus
356 3581 510 3635 conterens
522 3575 601 3634 belle
608 3594 619 3650 3
639 3575 787 3633 Dominus
800 3594 909 3633 nomen
922 3580 967 3632 est
980 3573 1034 3632 illi

197 3671 307 3731 Oratio.

196 3754 288 3825 Deus,
307 3751 392 3828 cujus
411 3750 535 3827 entique
554 3748 696 3808 miracula
714 3750 805 3808 etism
824 3749 934 3807 nostris
953 3747 1067 3806 sseculis
1087 3765 1241 3806 coruscare
1253 3745 1340 3807 senti-

137 3854 221 3907 mus;
240 3834 311 3891 dum
325 3833 404 3910 quod
417 3831 471 3889 uni
484 3831 602 3909 populo,
611 3830 839 3908 spersecutione
847 3830 1027 3908 AEgyptiacs
1039 3829 1203 3901 liberando,
1212 3829 1339 3888 dextere

136 3921 196 3973 tuae
218 3914 383 3990 potentiam
404 3913 565 3986 contidisti,
583 3913 616 3970 id
637 3913 671 3969 in
692 3913 819 3970 salutem
832 3912 967 3988 gentium
987 3929 1041 3987 per
1061 3929 1167 3986 aquam
1189 3928 1338 3988 regeneru-

136 3995 228 4054 tionis
241 3995 387 4071 opereris:
407 4001 524 4071 prsests,
538 4013 714 4070 quaesumus,
730 4000 765 4051 ut
779 3998 811 4050 et
823 3992 856 4048 iu
863 3991 995 4051 Abrshae
1008 3991 1093 4064 filios,
1108 3997 1139 4049 et
1153 3991 1187 4048 in
1201 3989 1338 4050 Israeliti-

137 4096 201 4135 cem
215 4077 398 4152 dignitatem,
413 4075 506 4134 totius
519 4074 625 4131 mundi
636 4079 769 4133 transeut
781 4070 943 4150 plenitudo
985 4072 1045 4131 Per
1058 4071 1236 4130 Dominum.

198 4170 296 4227 Lectio
310 4169 402 4227 tertis.
444 4167 562 4247 (Eseioe
574 4165 632 4244 iv.)

198 4250 434 4327 Apprehendent
456 4256 568 4327 septem
590 4249 728 4306 mulieres
748 4248 847 4306 virum
870 4266 965 4306 unum
985 4247 1018 4304 in
1042 4247 1090 4304 die
1112 4245 1167 4304 ills
1186 4266 1280 4323 usque
1302 4243 1338 4303 ud

137 4339 168 4392 et
180 4332 214 4390 in
227 4331 415 4389 securitatem
429 4337 460 4389 et
472 4331 691 4389 absconsionem
705 4351 723 4388 a
736 4330 856 4389 turbine
870 4335 901 4388 et
913 4349 932 4387 s
944 4327 1055 4407 pluvis.

159 4456 162 4460 ¹
200 4427 331 4485 Tractus.

143 4529 153 4538 ·’
198 4508 297 4566 Vinea
310 4506 389 4564 facts
401 4511 446 4564 est
459 4505 568 4564 dilecto
579 4507 611 4564 in
626 4513 726 4580 cornu,
740 4506 772 4563 in
786 4504 850 4563 loco
863 4503 956 4562 uberi.
