2926 4996
296 401 435 468 Sabboto
452 401 618 483 Quattuor
635 402 835 487 Temperare
850 403 1031 467 Adventus.
1244 409 1263 469 9

61 568 210 627 lectiones
233 589 299 626 cerne
322 570 384 626 auis
406 569 500 626 titulis
522 569 662 644 teporatur.
715 569 823 626 Priora
839 568 935 628 Lectio
954 591 974 627 o
991 569 1122 627 Diocorro
1145 571 1264 645 toooror,

61 659 158 708 cetcroe
181 649 329 708 lectiones
355 669 375 707 o
401 649 524 708 Vicoriis
550 651 583 706 irc
606 649 823 726 Superpetticere
845 651 879 707 ιἰι
898 651 992 708 medio
1014 650 1103 710 Ultori
1124 651 1263 726 tepenter.

126 731 235 789 Oratio.

125 811 217 884 Deus,
241 811 293 888 qui
316 811 458 888 conspicis
480 811 550 887 quia
573 832 611 869 ex
632 818 733 869 nostra
759 812 907 888 pravitate
930 812 1108 889 affligimur:
1142 812 1266 870 concede

62 893 218 969 propitius,
234 899 269 949 ut
282 911 320 948 ex
334 898 387 950 tua
400 892 570 949 visitatione
584 893 773 949 consolemur.
817 893 877 963 Qui
890 893 966 950 vivis
980 902 1010 951 et
1024 913 1135 970 regnas.

81 997 84 1001 ·
125 972 222 1032 Lectio
235 972 333 1030 Facie
347 972 498 1048 Propleetce
511 972 585 1050 (riae.
604 973 717 1048 20-22).

126 1054 166 1110 In
194 1053 296 1111 diebus
323 1053 392 1126 illis,
417 1054 596 1111 Clamabunt
622 1055 659 1111 ad
687 1054 850 1111 Dominum
877 1076 967 1129 usque
998 1057 1038 1112 od
1071 1056 1187 1113 sanabit
1220 1076 1267 1113 eos

64 1135 213 1192 Dominus
226 1134 309 1192 Deus
322 1141 429 1192 noster.

129 1214 262 1273 Gredote.

127 1295 160 1354 A
173 1316 288 1354 summo
302 1296 371 1354 caelo
385 1297 510 1373 egressio
530 1298 614 1372 ejus:
645 1303 675 1353 et
699 1316 834 1355 occursus
857 1299 919 1374 ejus
944 1317 1036 1373 usque
1059 1298 1097 1354 ad
1120 1317 1268 1355 summum

64 1399 81 1434 e
95 1397 137 1435 us

72 1398 101 1515 ll'.
125 1457 198 1516 <tali
224 1463 365 1515 enarrant
391 1458 514 1533 gloriam
542 1457 620 1517 Dei:
655 1464 686 1515 et
713 1478 800 1535 opera
837 1479 980 1516 manuum
1018 1460 1081 1535 ejus
1108 1461 1268 1517 annuntiat

64 1540 293 1596 firmamentum
335 1537 464 1596 Nullum
479 1538 605 1596 Grndnte
617 1548 764 1614 repetatur
778 1549 846 1615 poet
865 1539 990 1598 Versum.

128 1619 237 1685 Oratio.

129 1699 270 1771 Concede,
285 1720 460 1777 quaesumus,
476 1701 662 1777 omnipotens
684 1701 776 1772 Deus,
798 1701 907 1777 utqui
929 1702 984 1758 sub
1006 1703 1118 1778 peccati
1137 1703 1210 1779 jugo
1231 1721 1269 1758 ex

65 1787 186 1838 vetusta
215 1783 359 1839 servitute
393 1783 592 1858 deprimimur,
624 1788 780 1858 expectata
815 1782 974 1858 Unigeniti
1008 1783 1079 1839 Filii
1113 1785 1159 1840 tui
1193 1802 1270 1839 nova

66 1863 226 1919 nativitate
239 1863 406 1919 liberemur
450 1863 509 1933 Qui
523 1868 621 1919 tecum
635 1863 712 1919 vivit
725 1869 756 1920 et
768 1883 820 1940 reg
803 1869 880 1920 ⁰.nat

127 1941 225 2001 Lectio
239 1943 338 2000 Esoioe
351 1943 501 2018 Propltetre
515 1943 614 2021 (eroco
633 1944 661 2000 1-
663 1943 705 2021 7)

128 2023 207 2081 Haec
217 2023 290 2081 dicit
301 2024 464 2080 Dominus:
482 2025 648 2081 Laetabitur
661 2023 775 2082 deserta
785 2046 875 2099 esque
889 2026 959 2082 od
950 2025 1095 2083 insontes
1116 2002 1268 2101 aquarum,

65 2105 110 2161 ait
123 2104 272 2162 Dominus
286 2105 477 2180 omnipotens

130 2184 262 2243 Grodote.

127 2266 168 2322 In
182 2266 242 2323 sole
259 2267 360 2342 posuit
379 2267 603 2324 tabernaculum
625 2287 732 2324 suum:
763 2273 794 2323 et
814 2268 877 2343 ipse
898 2272 1040 2342 tanquam
1063 2286 1185 2344 sponsus
1207 2286 1271 2343 pro-

67 2347 173 2404 cedens
187 2346 223 2405 de
237 2347 366 2404 thalamo
380 2368 440 2405 suo.

72 2427 103 2485 V.
127 2428 159 2484 A
181 2447 295 2484 summo
317 2428 387 2486 coelo
409 2429 533 2505 egressio
557 2430 639 2505 ejus:
671 2436 701 2485 ct
719 2448 855 2486 occursus
873 2430 937 2505 ejus
955 2448 1049 2504 nsque
1069 2429 1107 2486 ad
1120 2448 1270 2486 summum

67 2528 140 2584 ejus.

131 2589 241 2647 Oratio.

130 2670 275 2746 Indignos
295 2690 359 2741 nos,
373 2691 547 2747 quaesumuS,
564 2672 701 2743 Domine,
717 2672 842 2729 famulos
864 2677 939 2743 tuos,
964 2691 1036 2748 quos
1060 2671 1184 2729 actionis
1208 2689 1271 2746 pro-

65 2751 141 2828 priae
155 2751 242 2827 culpa
255 2752 378 2809 contrist
366 2758 411 2809 tat
412 2753 577 2827 ,unigeniti
592 2753 662 2808 Filii
676 2753 723 2810 tui
736 2753 846 2810 advent
834 2759 868 2810 tu
881 2752 1006 2810 laetifica.
1051 2752 1110 2822 Qui
1123 2758 1228 2809 tecum

130 2831 228 2890 Lectio
241 2832 340 2889 Facie
354 2833 505 2908 Propbctoc
519 2832 556 2910 (rc
556 2833 573 2890 l.
591 2832 685 2910 9211)

131 2913 207 2970 Haec
222 2914 294 2971 dicit
305 2914 466 2971 Dominus:
488 2914 583 2989 Super
596 2920 728 2971 montem
742 2915 889 2972 excelsum
903 2913 1025 2972 ascende
1039 2934 1128 3018 rosque
1142 2915 1183 2970 ad
1196 2914 1248 2970 et
1240 2933 1272 2969 m

66 2994 138 3052 sinu
152 3013 206 3050 suo
218 2994 331 3051 levabit
344 3014 392 3052 eos
406 2994 554 3052 Dominus
572 2995 655 3052 Deus
669 3001 776 3052 noster.

133 3073 267 3133 Gredclc.

131 3155 261 3213 Domine
282 3156 364 3213 Deus
384 3156 541 3229 virtutum,
557 3163 695 3214 converte
716 3177 789 3214 nos:
819 3163 849 3214 et
872 3157 992 3214 ostende
1012 3157 1117 3214 faciem
1138 3162 1221 3213 tuam
1244 3161 1273 3212 et

68 3236 149 3294 salvi
168 3237 284 3296 erimus,

76 3317 107 3376 V.
131 3317 248 3390 Excita,
265 3317 401 3390 Domine,
417 3318 581 3394 potentiam
595 3324 678 3375 tuam
692 3325 723 3376 et
736 3317 823 3376 veni:
843 3325 879 3375 ut
892 3318 988 3375 salvos
1000 3318 1089 3375 facias
1103 3336 1162 3373 nos.

134 3398 242 3456 Oratio.
818 3426 821 3433 ·

132 3478 254 3551 Prasia,
265 3498 441 3555 quaesumus,
454 3481 639 3556 omnipotens
654 3480 744 3552 Deua,
760 3486 795 3537 ut
809 3480 880 3536 Filii
893 3480 939 3536 tui
953 3486 1080 3536 ventura
1093 3477 1273 3534 sollemnitas

69 3566 103 3618 et
122 3560 274 3636 proesentis
294 3559 379 3617 nobis
401 3561 470 3617 vitae
493 3561 622 3618 remedia
643 3560 774 3618 conferat
796 3567 827 3618 et
849 3561 972 3637 praemia
993 3567 1104 3618 aeterna
1125 3557 1272 3615 concedat.

69 3642 131 3698 Per
152 3640 285 3698 eundem

132 3720 229 3779 Lectio
242 3721 343 3778 Esurire
356 3722 506 3797 Prophetee
520 3723 591 3797 (octo.
612 3724 682 3799 1-8).

133 3802 209 3859 Haec
222 3802 296 3860 dicit
310 3803 457 3860 Dominus
474 3803 584 3860 christo
604 3823 669 3860 meo
684 3803 761 3880 Cyro
781 3824 870 3878 rosque
889 3804 929 3860 od
950 3821 1002 3879 ego
1017 3800 1165 3858 Dominus
1179 3802 1275 3858 creavi

68 3903 148 3941 euru.

134 3962 268 4022 Grudob.

134 4044 252 4116 Excita,
267 4044 404 4118 Domine,
421 4046 585 4123 potentiam
598 4052 681 4103 tuam
695 4053 726 4103 et
740 4045 825 4103 veni:
847 4049 882 4101 ut
895 4043 990 4102 salvos
1003 4045 1091 4102 facias
1105 4064 1165 4101 nos.

79 4126 107 4183 V.
132 4125 192 4194 Qui
205 4125 283 4202 regis
297 4125 390 4184 Israel
404 4127 543 4186 intende:
565 4128 616 4204 qui
630 4127 749 4184 deducis
763 4126 846 4183 velut
859 4145 944 4182 ovem
957 4126 980 4183 J
981 4127 1077 4202 oseph.
1122 4125 1182 4195 Qui
1195 4125 1275 4183 sedes

71 4226 162 4283 snper
175 4206 346 4264 Cherubin:
367 4227 474 4284 appare
487 4227 585 4266 coram
599 4208 751 4283 Ephraim,
766 4206 931 4282 Benjamin,
947 4213 978 4264 et
991 4207 1135 4264 Manasse.

135 4285 276 4362 Sequitur
290 4287 392 4345 Orotio
407 4310 472 4346 curu
486 4290 611 4346 Oremus
626 4298 749 4346 tontum.

138 4367 241 4426 Preces
254 4369 356 4445 populi
370 4370 416 4426 tui
417 4389 614 4445 ,q,uaesumus
628 4369 765 4442 Domine,
781 4368 1187 4444 clementerexaudi,utqu1
1178 4368 1277 4443 juste

73 4468 130 4526 pro
144 4449 269 4524 peccatis
282 4449 393 4507 noetris
406 4414 615 4528 affligimur,
586 4450 706 4527 pletatis
723 4456 782 4508 tuae
796 4451 965 4509 visitatione
985 4450 1173 4507 consolemur.
1219 4448 1278 4516 Qui

75 4529 155 4586 vivis
168 4536 198 4586 et
211 4549 323 4607 regnas
