2926 4996
412 383 504 448 Dooa
529 405 555 447 o.
576 391 652 467 post
676 384 812 450 Oetaeos
833 385 1038 451 Pentecostos.
1265 393 1326 452 225

517 645 518 648 Ἴ
596 575 696 633 Fumo
717 575 855 645 numm

186 699 283 757 Lectio
296 698 434 774 Epistola
448 699 522 757 beuti
535 699 619 756 Petri
631 698 764 774 Apostoli
777 697 831 776 (iv.
849 697 963 775 12-19).

187 780 356 838 Uerissimi:
385 780 489 837 Nolite
515 780 697 855 peregrinari
723 780 755 836 in
782 780 896 837 fervore
924 781 1076 855 usquead
1102 781 1183 839 fideli
1204 785 1329 841 creatori

127 860 343 920 commendabit
356 861 486 917 animam
499 880 583 917 suam
596 862 629 917 in
643 860 811 918 benefactis.

187 941 355 999 Secundum
368 941 481 998 Lucam
495 941 575 1018 (colii.
594 941 708 1020 31-35).

189 1022 228 1079 In
242 1022 294 1079 illo
307 1029 446 1098 tempore,
458 1024 656 1079 Accesserant
665 1022 787 1099 quidam
800 1022 1017 1080 Pharisaeorum
1029 1023 1067 1080 ad
1081 1024 1103 1081 J
1105 1042 1187 1081 esum
1201 1024 1330 1084 dicentes

127 1104 190 1161 issi:
213 1104 274 1160 Exi
286 1104 365 1176 hinc,
381 1105 450 1178 quia
465 1103 599 1161 Herodes
613 1122 703 1178 usqae
721 1104 763 1161 od
783 1103 962 1162 Benedictus
981 1103 1034 1182 qui
1051 1106 1135 1162 venit
1157 1105 1191 1162 in
1212 1108 1330 1164 nomine

129 1185 261 1242 Domini.

606 1282 708 1340 Fama
742 1282 853 1340 Suara,

191 1405 286 1462 Lectio
300 1403 439 1480 Epistola
453 1404 528 1461 boati
541 1403 567 1460 J
565 1404 690 1461 olaoouis
703 1402 826 1479 Apostol
831 1405 837 1417 '
850 1403 867 1480 (
870 1404 884 1461 1
901 1405 945 1463 iii.
963 1405 1078 1482 21-24).

193 1485 363 1542 Carissimi:
388 1486 421 1541 Si
434 1505 483 1542 cor
496 1492 629 1542 vestrum
643 1505 704 1542 non
717 1485 940 1561 reprehenderit
953 1506 1044 1561 usquo
1058 1488 1099 1545 od
1113 1487 1143 1543 in
1157 1488 1209 1544 illo
1223 1495 1332 1562 manet,

131 1574 162 1624 et
176 1567 238 1642 ipse
251 1567 284 1623 in
297 1586 339 1623 ec.

192 1647 360 1707 Secundum
374 1645 544 1722 Murcum(
564 1646 654 1724 .1-9)

193 1730 232 1786 In
259 1728 311 1784 illo
341 1733 482 1804 tempore,
510 1728 682 1803 Exsurgens
708 1727 731 1784 J
732 1747 797 1784 esus
824 1728 908 1784 venit
941 1728 975 1784 in
1004 1729 1077 1787 fines
1104 1730 1226 1805 dudam,
1255 1733 1335 1789 ultra

133 1811 154 1868 J
156 1811 296 1866 ordanem
310 1829 400 1883 usque
414 1810 454 1865 od
469 1808 555 1877 Quod
569 1809 651 1865 Deus
665 1808 832 1884 conjunxit,
848 1809 935 1866 homo
950 1829 1011 1867 non
1025 1819 1148 1886 separet.

336 1984 497 2041 Domuica
519 1982 642 2051 Qumra
662 1999 734 2039 ross
755 1982 895 2039 Ocmvas
917 1981 1135 2040 Puuuuoosrus.

196 2097 335 2171 Officium.

196 2178 323 2249 Exaudi,
337 2176 473 2252 Domine,
484 2195 586 2232 vocem
600 2194 766 2250 meamque
779 2175 904 2232 clamavi
917 2174 954 2231 ad
969 2181 1017 2232 te:
1036 2176 1155 2253 adjutor
1169 2197 1250 2235 meus
1264 2186 1336 2252 estc,

134 2280 172 2318 nc
186 2259 370 2333 derelinquas
385 2277 431 2314 me
445 2277 540 2332 neque
555 2256 696 2332 despicias
710 2275 766 2328 me,
781 2256 864 2313 Deus
878 2255 1015 2313 salutaris
1029 2276 1118 2314 meus.

194 2340 340 2397 Paulinus.

195 2421 342 2478 Dominus
356 2418 535 2476 illuminatio
549 2437 622 2490 mea,
637 2423 668 2475 et
681 2418 760 2475 salus
774 2437 855 2474 mea:
877 2437 965 2492 quem
979 2418 1109 2476 timebor

198 2501 306 2560 Oratio.

198 2583 247 2639 Da
259 2582 353 2652 nobis,
369 2601 544 2657 quaesumm,
559 2579 698 2650 Domine,
713 2586 748 2636 ut
763 2585 793 2636 et
806 2580 911 2636 mundi
924 2599 1026 2636 cursus
1047 2581 1166 2656 pacifice
1186 2582 1272 2639 nobis
1285 2589 1338 2639 tuo

137 2665 241 2722 ordine
268 2664 421 2739 dirigatur,
446 2668 476 2718 et
500 2661 630 2719 Ecclesia
657 2668 710 2719 tua
733 2661 895 2737 tranquilla
918 2661 1074 2719 devotione
1101 2662 1225 2720 laetetur.
1283 2664 1341 2721 Per

139 2744 303 2803 Dominum
323 2751 464 2800 nostrum.

180 2821 185 2832 ’
200 2825 297 2882 Lectio
311 2824 449 2899 Epistola
463 2824 538 2881 beati
550 2823 633 2880 Petri
646 2822 778 2898 Apostol'
791 2821 825 2898 (l
842 2823 885 2879 tii.
902 2823 995 2900 8-15).

203 2905 371 2962 Carissimi:
395 2905 505 2962 Omnes
526 2905 681 2961 unanimes
700 2904 732 2960 in
751 2903 884 2960 oratione
906 2911 1000 2961 estote
1022 2906 1167 2979 usquead
1180 2905 1344 2963 Dominum

141 2994 243 3046 autem
258 2986 410 3044 Christum
424 2986 604 3042 sanctificate
618 2986 650 3042 in
664 2985 800 3042 cordibus
814 2985 929 3041 vestris

207 3067 341 3125 Grodule.

205 3148 359 3205 Protector
372 3154 472 3204 noster
486 3147 590 3223 aspice,
605 3148 704 3204 Deus:
727 3152 757 3202 et
770 3147 880 3222 respice
894 3166 982 3222 super
995 3166 1093 3216 servos
1108 3154 1181 3205 tuos

151 3232 179 3289 Γ.
208 3230 335 3286 Domine
350 3230 431 3285 Deus
444 3229 612 3285 virtutum:
633 3228 742 3285 exaudi
756 3247 853 3302 preces
868 3246 1019 3284 servorum
1034 3234 1161 3286 tuorum.

206 3311 355 3385 Alleluya.
417 3310 446 3367 V.
490 3309 627 3381 Domine,
651 3310 685 3365 in
711 3309 824 3364 virtute
848 3314 901 3364 tua
925 3307 1076 3364 laetabitur
1099 3328 1172 3366 rex:
1206 3314 1237 3366 et
1261 3329 1349 3386 super

144 3394 274 3450 salutare
287 3397 374 3448 tuum
389 3391 537 3447 exultabit
550 3391 746 3447 vehementer.

207 3472 402 3546 Eoooqeliuoc
413 3496 422 3530 :
443 3471 609 3529 Secundum
623 3470 766 3547 Mecum(
785 3513 791 3526 .
810 3469 903 3546 1-11).

208 3554 248 3610 In
261 3553 313 3609 illo
326 3560 467 3628 tempore,
483 3551 556 3609 Cum
572 3553 667 3608 turbae
681 3552 830 3608 irruerent
843 3550 880 3606 ad
894 3549 916 3606 J
918 3569 1009 3621 esum,
1024 3556 1059 3607 ut
1073 3552 1211 3608 audirent
1224 3553 1350 3608 verbum

148 3636 215 3706 Dei,
232 3641 262 3690 et
276 3634 450 3709 ipse'stabat
464 3653 546 3690 secus
560 3639 698 3709 stagnum
713 3630 894 3689 Genesareth
910 3651 1000 3705 usquc
1021 3632 1061 3688 ool
1080 3631 1122 3688 Et
1142 3633 1294 3689 subductis
1314 3634 1352 3689 ad

147 3725 258 3774 terram
272 3715 406 3786 navibus,
421 3714 533 3771 relictis
547 3715 692 3784 omnibus,
708 3712 802 3770 secuti
816 3717 886 3769 sunt
899 3731 974 3770 eum.

211 3796 402 3869 Offortoriuoo.

211 3876 389 3934 Benedicam
417 3876 581 3932 Dominum
608 3875 661 3951 qui
688 3875 762 3930 mihi
785 3874 893 3931 tribuit
919 3873 1128 3931 intellectum:
1163 3874 1354 3949 providebam

149 3961 251 4016 Deum
264 3958 295 4014 in
310 3963 467 4033 conspectu
481 3977 545 4014 meo
560 3976 696 4033 semper:
724 3955 864 4030 quoniam
883 3974 901 4011 a
917 3954 1031 4011 dextris
1054 3961 1098 4012 est
1119 3955 1201 4025 mihi,
1223 3975 1260 4011 ne
1281 3974 1356 4012 com-

150 4058 277 4096 movear.

211 4120 331 4178 Secreto.

214 4201 338 4270 oblatis,
361 4219 534 4276 quaesumus,
556 4200 692 4268 Domine,
710 4200 825 4275 placare
848 4198 1040 4254 muneribus:
1072 4198 1162 4255 etad
1186 4205 1217 4256 te
1241 4207 1355 4258 nostras

152 4283 273 4339 rebelles
288 4282 427 4357 compelle
442 4282 587 4358 propitius
605 4281 781 4337 voluntates,
826 4279 884 4335 Per
898 4278 1068 4335 Dominum.

214 4361 392 4421 Commutato.

214 4444 317 4501 Unam
341 4444 415 4519 petii
436 4464 453 4500 a
478 4443 616 4515 Domino,
642 4443 718 4499 hanc
745 4440 916 4517 requiram:
951 4445 986 4498 ut
1014 4441 1177 4500 inhabitem
1207 4443 1238 4500 in
1267 4444 1353 4502 domo

155 4525 278 4582 Domini
291 4525 427 4582 omnibus
440 4525 543 4582 diebus
556 4526 626 4582 vitoe
640 4543 721 4581 meae.

626 4621 644 4666 Q
