2926 4996
130 374 171 437 54
301 371 403 436 Facio
417 371 461 436 iv.
480 370 647 452 Quattuor
663 371 865 456 Temperiem
882 369 1162 456 Quoclropesimoe.

128 545 181 596 tuo
195 538 339 597 desiderio
352 539 472 615 fulgeat,
484 558 550 614 quae
564 559 594 596 se
608 538 704 595 carnis
718 537 914 596 maceratione
928 539 1059 616 castigat.
1095 539 1156 597 Per
1169 539 1330 598 Dominum

128 626 265 677 nostrum
278 621 300 677 J
301 639 383 676 esum
398 620 551 677 Christum
565 619 677 676 Filium
690 625 785 676 tuum.
830 619 890 689 Qui
904 625 1010 677 tecum.

190 701 285 758 Lectio
299 701 397 758 Esaiae
410 700 560 775 Prophetoe
580 699 633 777 (lv.
652 700 746 777 6-11).

191 781 230 838 In
251 781 353 838 diebus
376 781 445 852 illis,
466 781 597 839 Locutus
618 786 663 838 θεῖ
683 781 784 837 Esaias
805 781 956 858 propheta,
979 781 1078 839 dicens
1088 802 1097 854 3
1123 781 1257 851 Quanta
1276 784 1330 840 Do

130 862 253 933 minum,
275 862 348 919 dum
367 862 497 918 inveniri
517 867 614 938 potest
638 882 728 936 usqae
749 863 790 918 od
809 861 860 918 sed
879 862 967 920 faciet
987 882 1171 939 quaecunque
1192 865 1282 936 volui,
1303 871 1329 921 ct

131 943 352 1020 prosperabitur
365 944 397 999 in
411 943 465 1015 his,
481 943 519 1000 ad
533 962 598 1018 quae
613 943 681 1000 misi
693 942 776 1012 illud,
790 943 834 1000 ait
848 944 995 1000 Dominus
1009 943 1205 1020 omnipotens

194 1024 327 1082 Gradaba

193 1105 350 1181 Dirigatur
362 1104 458 1162 oratio
471 1123 536 1161 mea
549 1103 626 1162 sicut
639 1103 791 1161 incensum
806 1104 838 1162 in
852 1110 1008 1180 conspectu
1023 1110 1084 1177 tuo,
1101 1106 1241 1164 Domine.

139 1187 167 1244 V.
194 1185 331 1243 Elevatio
344 1204 487 1243 manuum
500 1204 631 1242 mearum
647 1185 822 1242 sacrificium
835 1186 1044 1262 vespertinum.

194 1266 361 1324 Secundam
374 1265 549 1322 Mattbaeura
569 1265 643 1342 (xci.
663 1265 776 1342 10-17).

195 1347 234 1403 In
254 1347 306 1403 illo
326 1352 467 1422 tempore,
491 1346 566 1403 Oum
586 1347 726 1404 intrasset
746 1348 768 1404 J
770 1366 835 1405 esus
856 1346 1104 1422 Hierosolymam,
1127 1355 1274 1406 commota
1292 1355 1331 1405 est

134 1427 272 1485 rmiversa
285 1427 396 1498 civitas,
413 1428 530 1485 dicens:
553 1427 626 1497 Quis
640 1433 685 1484 cst
698 1427 768 1485 hiel
790 1448 881 1502 usque
897 1429 938 1484 od
957 1428 1033 1485 abiit
1045 1428 1124 1485 foras
1138 1435 1225 1486 extra
1239 1429 1332 1486 civita-

133 1515 194 1566 tem
209 1510 241 1564 in
255 1508 452 1581 Bethaniam3
471 1508 571 1584 ibique
585 1508 703 1581 mansit,
720 1513 751 1565 θῖ
764 1508 886 1566 docebat
900 1527 949 1566 eos
962 1509 999 1566 de
1013 1528 1103 1586 regno
1117 1509 1184 1567 Dei

196 1587 387 1662 Offertoriam.

194 1670 233 1726 In
247 1675 286 1742 te,
299 1670 435 1742 Domine,
448 1667 563 1746 speravi
569 1690 578 1741 ;
591 1669 665 1742 dixi,
677 1676 713 1727 tu
728 1690 759 1728 es
773 1671 855 1728 Dens
869 1690 970 1728 meus:
990 1670 1175 1728 inmanibus
1189 1671 1251 1728 tuis
1264 1678 1331 1729 tem-

132 1770 203 1828 pora
217 1770 290 1808 mea

194 1832 315 1890 Semela.

194 1912 317 1984 Oblatis,
341 1931 517 1987 quaesumus,
540 1912 677 1984 Domine,
703 1912 818 1989 placare
841 1913 1023 1983 muneribus,
1047 1917 1079 1970 et
1102 1933 1120 1970 a
1144 1913 1261 1971 ermetis
1283 1933 1331 1970 nos

131 1993 254 2051 defende
268 1993 415 2070 periculis.
457 1993 516 2050 Pcr
529 1992 701 2052 Dominum.

194 2073 375 2132 Communia

191 2155 267 2213 (lum
280 2156 449 2212 invocarem
462 2161 501 2227 te,
514 2154 662 2212 exaudisti
675 2175 731 2227 me,
747 2156 828 2212 Deus
841 2155 969 2230 justitiae
983 2175 1074 2212 meae:
1094 2154 1128 2211 in
1142 2155 1329 2214 tribulatione

129 2236 262 2294 dilatasti
275 2257 341 2308 me3
361 2237 499 2293 miserere
513 2237 596 2309 mihi,
612 2237 748 2308 Domine,
765 2241 795 2292 et
807 2236 918 2293 exaudi
931 2236 1094 2294 orationem
1108 2255 1213 2294 meam.

192 2318 433 2376 Poatcommuaio.

193 2398 375 2470 Quaesumus,
390 2398 577 2474 omnipotens
598 2399 688 2469 Deus,
704 2403 739 2454 ut
759 2397 840 2454 illius
860 2397 998 2454 salutaris
1018 2398 1169 2473 capiamus
1191 2399 1330 2470 effectum,

131 2480 215 2554 cujus
229 2499 281 2556 per
294 2479 356 2536 haec
369 2479 511 2555 mysteria
524 2480 630 2555 pignus
645 2479 816 2555 accepimus.
861 2478 920 2536 Per
933 2479 1105 2535 Dominum.

192 2559 288 2634 Super
300 2560 457 2634 Populum.

192 2640 366 2697 Ascendant
380 2640 418 2696 ad
431 2645 470 2712 te,
488 2641 625 2711 Domine,
639 2660 739 2716 preces
752 2647 880 2697 nostrae:
900 2647 931 2698 et
944 2640 982 2697 ab
996 2640 1119 2698 ecclesia
1132 2646 1186 2698 tua
1199 2647 1331 2698 cunctam

131 2720 239 2796 repelle
253 2721 424 2796 nequitiam.
468 2721 528 2777 Per
542 2721 713 2781 Dominum.

294 2944 296 2949 .
407 2888 509 2944 anm
530 2887 660 2957 Qunam
682 2888 851 2958 Quarruoa
875 2887 1056 2944 Tnnroavu.

194 2968 334 3042 Officiurra

192 3049 392 3107 Reminiscere
406 3049 630 3107 miserationum
642 3057 773 3121 tuarum,
785 3050 922 3119 Domine,
934 3055 964 3106 et
974 3048 1182 3106 misericordia
1197 3055 1257 3108 tuae
1272 3069 1333 3126 quae

130 3151 149 3187 a
162 3131 268 3187 saeculo
282 3137 369 3188 sunt:
390 3151 429 3189 ne
445 3150 577 3207 unquam
597 3130 787 3188 dominentur
807 3131 899 3188 nobisv
913 3130 1027 3186 inimici
1046 3129 1151 3202 nostri,
1166 3131 1262 3189 libera
1275 3151 1332 3202 nos,

130 3213 213 3269 Deus
228 3212 329 3282 Israel,
345 3232 383 3269 ex
397 3213 535 3269 omnibus
548 3212 693 3288 angustiis
707 3212 823 3270 nostris.

191 3293 336 3352 Psalmna

191 3375 243 3432 Ad
256 3380 296 3447 te,
309 3374 445 3447 Domine,
458 3373 557 3432 levavi
570 3374 699 3431 animam
714 3393 826 3430 meam:
848 3375 931 3431 Deus
944 3393 1035 3445 meus,
1047 3373 1080 3428 in
1093 3378 1125 3430 te
1138 3374 1265 3447 conlido,
1278 3394 1335 3430 non

131 3457 307 3513 erubescam.

190 3538 297 3594 Primo
313 3536 415 3594 Oratio
436 3537 496 3593 siae
511 3536 658 3593 Dominus
679 3535 837 3608 vobiscum,
854 3535 1006 3610 persentisco
1027 3543 1145 3591 loretum
1163 3535 1293 3594 Oremus
1312 3545 1337 3593 ct

131 3618 298 3676 Flectamus
311 3637 414 3694 genua.
459 3618 578 3674 Levate.

193 3698 302 3758 Oratio

190 3779 296 3837 Preces
319 3788 445 3851 nostras,
466 3799 643 3855 quaesumus,
666 3779 802 3849 Domine,
829 3778 989 3836 clementer
1012 3776 1143 3846 exaudi;
1178 3784 1336 3835 etcontra

131 3867 238 3917 cuncta
257 3860 343 3917 nobis
363 3861 558 3932 adversantia,
581 3859 735 3917 dexteram
755 3867 816 3917 tuae
836 3859 999 3934 majestatis
1019 3857 1155 3916 extendo.
1200 3859 1261 3916 Per
1280 3861 1336 3916 Do

132 3941 255 3997 minum.

192 4022 286 4078 Lectio
301 4022 369 4079 libri
382 4023 479 4080 Ecodi
499 4021 591 4098 (acic.
609 4023 722 4098 12-18).
1321 4078 1324 4085 Α

192 4102 232 4158 In
252 4102 355 4159 diebus
375 4103 444 4174 illis,
460 4104 549 4161 Dixit
564 4104 711 4161 Dominus
727 4102 766 4161 ad
780 4103 923 4178 Moysen:
944 4101 1082 4159 Ascende
1095 4100 1134 4157 ad
1148 4101 1244 4158 mein
1258 4121 1338 4159 mon-

130 4188 191 4239 tem
205 4203 295 4256 ‘usque
310 4184 349 4238 cd
363 4190 394 4241 et
407 4184 466 4240 fuit
479 4185 521 4241 ibi
536 4184 731 4261 quadraginta
744 4184 846 4241 dicbus
860 4190 891 4241 et
904 4182 1101 4261 quadraginta
1113 4183 1260 4240 noctibus

194 4263 327 4320 (iruclal.
1360 4283 1364 4290 ·

191 4344 410 4481 (igibulationes
431 4345 526 4403 cordis
546 4348 605 4404 mei
625 4347 756 4404 dilatatae
771 4352 859 4404 sunt:
880 4345 917 4402 de
930 4343 1155 4403 necessitatibus
1168 4321 1243 4401 meis
1257 4343 1335 4419 eripe

130 4445 480 4566 1iiie,Viiiiilliiiiiiilitatem
494 4527 590 4565 meam
604 4513 635 4565 et
647 4509 778 4566 laborem
792 4527 908 4565 meum:
930 4514 961 4565 et
970 4507 1089 4564 dimitte
1102 4506 1204 4563 omnia
1216 4511 1334 4582 peccato

129 4608 201 4646 mea.
