2926 4996
679 330 911 417 Proofotioms.

270 687 455 744 AE-ter-ne
482 687 598 744 De-us.
652 687 710 756 Qui
730 688 988 763 eor-po-ra-lij
1018 687 1178 762 -ju-ni-o
1211 687 1354 743 vi-ti-a

209 875 1395 958 ἶιῖΕΙΞ-’ΞΓ-ΕΙᾟ-’ΞΞῌΞΞΕΕΕΙΞ

237 1013 447 1089 com-primis,
463 1017 601 1069 mon-tem
624 1011 771 1083 ede-vas,
786 1012 958 1069 vir-tu-tem
978 1012 1125 1089 lar-gir-is
1152 1021 1182 1072 et
1198 1017 1364 1090 praemi-n,

209 1181 1397 1328 Q

221 1341 280 1399 Per
293 1341 453 1401 (thn's-tum
462 1341 511 1399 Do
522 1375 533 1384 -
544 1340 669 1396 mi-num
681 1347 833 1414 nos-trum,
847 1342 905 1399 Per
918 1360 1006 1416 quem
1018 1343 1239 1417 ma-jes-ta-tem
1255 1349 1367 1404 tu-am.

270 1610 342 1668 Hoeo
360 1607 501 1685 Proofotio
521 1611 581 1681 Qui
599 1611 724 1670 salutem
746 1612 872 1688 quotidie
893 1613 1010 1673 dicotur
1030 1611 1062 1695 [o
1074 1614 1226 1675 Domiaim
1244 1617 1395 1677 Passionis

211 1690 334 1749 Domini
353 1692 479 1765 quotidie
498 1711 588 1767 eosque
605 1693 646 1750 od
667 1692 776 1751 Cenem
789 1693 1015 1753 Domitii-MS.
1033 1692 1079 1775 0],
1099 1695 1185 1754 *cam
1205 1697 1241 1754 de
1256 1697 1394 1756 Passiom

211 1770 327 1846 opiter*
340 1780 366 1828 et
385 1771 472 1828 etiam
485 1771 531 1829 die
547 1771 632 1830 Oeace
647 1783 672 1831 et
692 1775 725 1831 irs
738 1775 848 1831 duobos
860 1775 953 1833 Fastis
964 1774 1077 1833 Somtoe
1091 1774 1201 1849 Oratis,
1217 1778 1266 1839 ott
1278 1778 1395 1836 iamm-

209 1851 411 1909 memoratione
422 1861 527 1909 soaotae
541 1851 651 1912 Ormois.

269 1945 419 2020 Proefotio.

269 2201 452 2257 AE·ter-ne
480 2199 596 2256 De-us.
640 2200 700 2269 Qui
717 2201 869 2258 sa-lu-tem
882 2201 1034 2258 hu-ma-ni
1055 2203 1187 2277 generis
1214 2205 1246 2260 in
1269 2204 1369 2280 lig-no

208 2369 1398 2504 Q

237 2530 340 2586 cruois
353 2529 510 2585 oon-sti-tu
523 2528 572 2585 ·is
589 2563 600 2572 -
616 2529 650 2600 ti,
685 2533 720 2585 ut
746 2528 843 2585 un-de
866 2547 950 2585 mors·
973 2529 1089 2587 o·ri-e
1101 2531 1160 2588 -ba
1177 2537 1256 2604 ·tur‚
1278 2533 1374 2592 in·de

210 2697 1401 2840 w

237 2861 269 2917 vi
282 2895 293 2903 -
306 2865 339 2916 ta
370 2865 606 2934 re-sur·ge·ret,
632 2863 663 2916 et
681 2860 733 2934 qui
750 2859 782 2915 in
802 2859 900 2935 lig-no
913 2859 1086 2932 vinee-bat,
1100 2860 1133 2916 in
1151 2860 1250 2937 lig-no
1264 2881 1391 2941 quoque

210 3028 1401 3175 Q

228 3191 497 3249 vin-oe-re-tur:
520 3209 573 3266 per
586 3189 748 3247 Chris-tum
761 3189 810 3246 Do
823 3224 834 3233 -
847 3189 992 3247 mi-num
1014 3195 1174 3248 nos-trum.
1206 3191 1267 3249 Per
1280 3211 1378 3269 quem

270 3324 312 3382 Im
325 3324 371 3382 die
385 3322 474 3394 Oemae,
489 3322 637 3399 Proosotio.

273 3404 527 3461 Communieantes
553 3408 584 3460 et
606 3403 685 3460 diem
711 3401 937 3460 sacratissimum
963 3402 1141 3461 celebrantes
1167 3423 1226 3480 quo
1253 3405 1401 3467 Dominus

212 3490 311 3541 noster
331 3483 418 3541 Jesus
439 3482 573 3540 Christus
586 3502 639 3558 pro
652 3482 736 3539 nobis
749 3487 794 3539 est
815 3483 949 3540 traditus.
991 3483 1091 3541 Sedet
1106 3484 1280 3542 memoriam
1298 3506 1401 3545 vener·

213 3570 305 3634 antes,
320 3562 469 3638 Imprimis
482 3563 613 3639 gloriosse
627 3581 739 3637 semper
751 3561 875 3639 virginis
893 3561 997 3620 Mariae
1016 3563 1170 3646 genetricis
1190 3565 1324 3640 ejusdem
1344 3567 1402 3626 Dei

214 3650 245 3703 et
257 3643 380 3700 Domini
392 3642 487 3699 nostri
499 3642 522 3700 J
522 3661 573 3699 esu
588 3641 705 3699 Christi
1073 3658 1080 3691 r

272 3723 382 3780 Eodem
394 3723 449 3793 die,
464 3720 556 3795 Iafro
568 3722 714 3779 ootiomem.
1075 3655 1091 3772 i

273 3802 362 3860 Hane
374 3802 465 3878 igitur
478 3801 655 3858 oblationem
668 3799 819 3858 servitutis
831 3805 948 3873 nostrae,
963 3799 1012 3858 sad
1025 3807 1056 3859 et
1073 3776 1184 3938 Quota
1198 3801 1320 3863 familia
1331 3810 1398 3874 tun,

215 3901 303 3959 quam
322 3881 379 3940 tibi
398 3881 546 3938 offerimus
565 3881 602 3937 ob
625 3879 701 3937 diem
726 3879 759 3936 in
781 3899 840 3956 qua
862 3880 1008 3938 Dominus
1030 3900 1083 3938 nos
1102 3901 1130 3958 'r
1152 3881 1242 3940 Jesus
1266 3883 1399 3942 Christus

214 3962 338 4019 tradidit
358 3961 507 4037 discipulis
531 3960 592 4017 suis
615 3960 743 4035 eorporis
765 3965 797 4017 et
817 3960 967 4038 sanguinis
988 3960 1035 4018 sui
1055 3961 1195 4039 mysteria
1217 3963 1396 4036 celebranda,

214 4060 388 4117 quaesumus,
402 4041 536 4111 Domine,
551 4045 587 4097 ut
597 4038 734 4114 placatus.

274 4120 349 4178 Item
362 4122 456 4178 eodem
469 4121 523 4191 die,
538 4118 627 4195 Iaseo
643 4118 788 4176 ortionem.

276 4199 336 4269 Qui
355 4200 448 4276 pridie
469 4219 559 4276 quam
579 4218 632 4275 pro
653 4205 754 4255 nostra
775 4196 963 4275 omniumque
984 4198 1078 4258 salute
1101 4204 1260 4277 peteretur,
1274 4201 1330 4261 hoo
1354 4206 1393 4261 est

214 4279 309 4352 hodie,
323 4280 434 4355 aceepit
446 4299 552 4356 panem
564 4279 597 4336 in
610 4284 725 4336 sanctas
738 4296 772 4335 ao
784 4279 963 4337 venerabiles
975 4298 1080 4337 manus
1092 4299 1167 4353 suas,
1182 4291 1209 4340 et
1221 4291 1318 4341 cetera

273 4414 287 4440 '¹
303 4411 437 4484 Ona-MS.
449 4413 477 4458 B.
646 4409 727 4472 ssis,
739 4409 844 4458 B-etin
858 4410 1093 4462 venerationem
1104 4414 1184 4462 Omoir
1192 4415 1337 4464 Feriam
