2926 4996
197 365 240 426 24
493 361 518 424 I
515 383 541 425 a
555 361 648 425 Festo
662 367 857 425 scurrarum
872 361 896 424 I
893 362 1123 427 caecantem.

195 529 232 586 ab
256 529 397 604 Episcopo
417 537 509 586 atarcte
529 529 563 585 in
584 529 719 586 cathedra
740 528 843 586 Gloria
865 529 898 585 in
918 529 1039 586 excelsis
1063 530 1148 588 Deo:
1182 529 1268 587 aliter
1291 550 1400 588 aori.-

256 688 291 748 Si
304 607 342 747 sti
355 691 519 764 Domitiae,
536 689 638 748 Gloria
650 691 683 746 in
697 690 825 749 excelsis.

257 771 365 829 Oratio,

255 852 346 922 Deus,
358 853 440 928 cujus
453 852 596 909 hodierna
608 852 656 909 die
669 853 847 928 praeconium
858 852 1035 910 Innocentes
1049 858 1193 930 martyres
1206 873 1268 911 non
1282 854 1400 931 loquen-

194 932 232 988 do
245 933 296 989 sed
310 933 460 990 moriendo
478 933 601 991 confessi
619 939 695 1002 sunt,
717 933 817 989 omnia
834 933 866 989 in
879 933 963 990 nobis
977 934 1118 990 vitiorum
1138 934 1217 992 mala
1237 935 1399 1006 mortifica3

193 1019 228 1070 ut
242 1013 329 1070 fidem
343 1021 426 1072 tuam
440 1033 529 1090 quam
542 1013 645 1091 lingua
658 1019 758 1070 nostra
772 1014 913 1089 loquitur,
928 1014 1018 1071 etiam
1036 1015 1168 1072 moribus
1181 1016 1246 1072 vita
1259 1015 1396 1074 fateatur.

194 1093 254 1151 Per
268 1094 438 1151 Dominum.
855 1094 862 1109 '

255 1171 303 1254 [U
301 1176 330 1232 bi
349 1196 408 1232 aon
421 1175 531 1232 dicitur·
546 1175 641 1232 Missa
662 1175 840 1250 capitularis,
857 1176 996 1232 dicantar
1015 1177 1158 1234 memoriae
1178 1178 1213 1235 de
1227 1176 1397 1248 Naticitute,

96 1283 98 1286 >
191 1257 227 1312 de
248 1265 345 1313 sancto
367 1254 511 1331 Stephano
533 1266 560 1331 et
583 1257 735 1313 destricto
757 1256 912 1315 doliturae:
943 1266 969 1314 ct
993 1258 1183 1314 concludatur
1208 1279 1276 1316 cam
1298 1259 1399 1333 aliquia

193 1336 329 1394 Oratione
356 1339 397 1393 aot
423 1346 530 1394 arctam
558 1335 743 1410 Succcntoria
807 1337 939 1412 Epistola
961 1346 986 1394 et
1008 1338 1202 1413 Euuapetium
1222 1340 1257 1396 ira
1281 1339 1398 1415 pecipito

192 1416 441 1490 teporatur—MS.
459 1415 510 1497 D.]

250 1497 346 1555 Lectio
361 1499 428 1556 libri
441 1498 629 1574 Apocalypsis
643 1499 717 1555 beriti
729 1498 756 1553 J
755 1498 880 1556 ohariais
892 1499 1023 1574 Apostoli
1037 1498 1109 1575 (civ.
1129 1500 1207 1577 1-5)

250 1579 289 1634 In
310 1578 412 1636 diebus
432 1579 500 1651 illis,
516 1579 590 1635 Vidi
611 1599 700 1656 supra
719 1585 850 1636 montem
869 1580 941 1637 Sion
959 1581 1082 1656 Agnum
1100 1586 1230 1639 stantem
1248 1602 1341 1657 ireque
1359 1585 1398 1640 ad

190 1659 254 1716 sine
266 1661 381 1718 macula
395 1660 474 1717 enim
488 1668 558 1717 sunt
572 1666 640 1716 ante
654 1660 795 1716 thronum
810 1660 874 1717 Dei

251 1754 431 1836 [Phosphori
444 1757 478 1815 ia
490 1758 582 1816 aredio
598 1757 688 1852 Ultori
702 1760 816 1816 conterit
831 1757 1074 1818 Gratata-MS.
1091 1759 1144 1841 D.]

248 1853 476 1992 {heidilonostra
489 1935 564 1992 sicut
578 1954 678 2010 passer
691 1940 791 2010 erepta
804 1942 849 1992 est
863 1935 900 1992 de
914 1935 1019 2012 laqueo
1032 1937 1216 1996 venantium.

194 2015 222 2072 V.
250 2015 387 2091 Laqueus
431 2016 575 2073 contritus
607 2022 652 2072 est
664 2036 673 2087 3
717 2022 747 2072 et
781 2036 834 2073 nos
868 2017 988 2074 liberati
1023 2038 1131 2077 sumus,
1198 2019 1397 2096 Adjutorium

187 2103 322 2154 nostrum
335 2097 368 2152 in
381 2097 500 2154 nomine
515 2097 638 2154 Domini
652 2097 704 2172 qui
718 2097 788 2154 fecit
802 2097 906 2154 coelum
922 2105 952 2156 et
965 2104 1084 2156 terram.

248 2227 322 2284 Edd.
346 2227 405 2284 and
433 2227 497 2285 MS.
525 2227 679 2284 O.—Laus
702 2227 768 2298 tibi,
873 2225 1397 2307 [MS.D.-Bepetatur(r*radatc:se-

188 2309 312 2367 Ohriste.
368 2309 396 2367 V.
434 2309 475 2365 Te
490 2314 655 2384 martyrum
669 2308 767 2365 candi·
809 2307 912 2384 quitur
941 2308 1047 2367 ibidem
1076 2330 1096 2366 a
1123 2311 1209 2368 turba
1232 2331 1397 2386 puerorum

186 2391 273 2447 datus
283 2389 385 2447 laudat
398 2390 552 2460 exercitus,
567 2390 701 2446 Domine.
734 2388 770 2445 St
810 2390 959 2465 Alleluya,
974 2391 1001 2447 si
1014 2391 1292 2465 Dominicafuerit:
1309 2391 1397 2450 aliter

185 2471 223 2527 sit
250 2471 414 2528 Domiiticc.
462 2471 610 2546 Alleluya.
668 2470 697 2527 V.
727 2469 769 2526 Te
809 2491 869 2527 aon
885 2494 894 2529 :
934 2473 984 2528 sed
1011 2471 1120 2528 dicitur
1149 2472 1207 2529 loco
1242 2472 1393 2550 Alleluya

186 2557 359 2627 martyrum.
811 2551 897 2607 Laus
905 2552 972 2624 tibi,
994 2551 1119 2610 Christe.
1176 2553 1205 2610 V.
1259 2553 1301 2611 Te
1319 2573 1396 2623 mar·¹

811 2637 914 2706 tyrum
941 2632 1113 2690 candidatus
1148 2634 1303 2706 exercitus,
1334 2634 1395 2692 Do·

811 2712 898 2768 mine.
919 2712 1235 2791 RepetaturAlleluya,
1256 2715 1302 2773 oet
1313 2715 1395 2773 Laus

809 2793 875 2864 tibi,
892 2791 1017 2851 Christe.

868 2872 1226 2948 SequaturaProeceatorc
1231 2897 1396 2953 puerorum

810 2951 990 3034 Sequentia]

245 3034 406 3112 Sequentia.

305 3131 390 3189 Oelsa
402 3130 487 3207 pueri
502 3137 678 3207 concrepent
691 3130 826 3202 melodia,

304 3211 369 3284 Eia,
385 3213 584 3269 Innocentum
599 3212 726 3269 colentes
740 3213 880 3288 tripudia,

306 3295 386 3363 Quos
400 3293 497 3349 infans
512 3293 648 3350 Christus
662 3293 749 3350 hodie
765 3294 847 3350 vexit
861 3293 898 3350 ad
912 3299 1000 3351 astra.

306 3376 386 3444 Quos
400 3373 561 3431 trucidavit
574 3373 712 3431 frendens
725 3373 841 3432 insania

305 3454 485 3529 Herodianae
498 3453 621 3526 fraudis,
636 3454 673 3510 ob
687 3455 770 3512 nulla
782 3455 915 3526 crimina,

308 3537 348 3592 In
362 3534 536 3592 Bethlehem
550 3535 642 3611 ipsius
656 3542 762 3592 cuncta
776 3541 806 3593 et
819 3555 872 3610 per
885 3536 1021 3610 confinia,

305 3617 338 3673 A
350 3616 465 3673 bimatu
478 3621 508 3672 et
522 3615 601 3673 infra
609 3617 699 3692 juxta
712 3617 849 3674 nascendi
863 3622 1004 3692 tempora.

306 3698 440 3754 Herodes
453 3716 507 3754 rex
522 3696 634 3755 Christi
646 3697 711 3753 nati
723 3692 826 3754 verens
840 3697 945 3754 infelix
959 3697 1092 3775 imperia,

306 3778 446 3835 Infremit
460 3784 550 3850 totus,
566 3784 597 3836 et
610 3778 697 3855 erigit
710 3797 792 3835 arma
806 3779 930 3854 superba
944 3780 1075 3851 dextera,

307 3859 422 3928 Quaerit
436 3859 510 3916 lucis
524 3866 555 3917 et
568 3859 631 3916 caeli
645 3878 742 3935 regem
756 3878 823 3915 cum
837 3865 936 3916 mente
950 3861 1079 3933 turbida,

306 3938 355 3996 Ut
368 3940 523 4016 extinguat
537 3940 589 4015 qui
602 3939 695 3996 vitam
709 3946 829 4015 praestat
842 3960 894 4015 per
908 3961 961 3997 sua
970 3941 1077 4015 jacula.

307 4019 389 4076 Dum
409 4039 470 4076 non
489 4020 590 4078 valent
614 4020 724 4077 intueri
747 4021 840 4077 lucem
863 4021 1047 4098 splendidam
1067 4022 1208 4080 nebulosa
1228 4028 1393 4100 quaerentis

388 4106 515 4175 pectora,

308 4181 360 4237 Ira
369 4180 471 4252 fervet,
482 4181 599 4239 fraudes
609 4188 697 4259 auget
710 4183 845 4240 Herodes
855 4203 957 4256 saevae,
971 4190 1006 4242 ut
1018 4184 1122 4262 perdat
1134 4185 1252 4263 piorum
1261 4188 1390 4264 agmina.

308 4260 412 4318 Castra
425 4260 555 4318 militurn
565 4263 628 4320 dux
642 4263 761 4340 iniquus
775 4271 913 4341 aggregat
927 4284 937 4336 ,·

308 4341 434 4399 Ferrum
446 4340 511 4416 figit
524 4342 556 4399 in
569 4344 701 4402 membra
712 4351 813 4403 tenera
823 4365 832 4417 ;

309 4422 396 4479 Inter
407 4422 499 4479 ubera
511 4421 555 4480 lac
569 4425 702 4498 effundit,

204 4515 206 4519 '
309 4502 480 4579 Antequam
496 4506 646 4580 sanguinis
658 4506 763 4565 fierent
776 4507 903 4582 coagula.
