2926 4996
442 381 545 448 Fando
565 403 592 448 o.
609 389 685 468 post
706 381 925 450 Pentecosten.

144 550 322 611 Communia
367 551 475 608 Factus
489 556 534 608 est
546 555 674 628 repente.

141 632 383 691 Poatcommnnio.
496 666 499 672 ·

143 714 349 784 Sacramentis,
360 712 496 784 Domine,
509 712 680 783 caelestibus
690 717 830 788 operante
845 711 959 788 Spiritu
971 711 1087 781 Sancto,
1099 712 1174 770 vitia
1183 720 1289 774 nostra

85 800 264 871 purgentur,
292 802 327 851 ut
349 794 520 851 muneribus
542 793 602 850 tuis
625 792 769 869 possimus
791 812 906 869 semper
923 794 1027 870 aptari.
1070 793 1129 852 Per
1149 795 1282 868 eundem.
1365 822 1368 827 ·

85 876 122 953 In
135 875 252 932 ciuitate
266 874 404 952 ejusdem.

570 969 670 1027 anrn
690 969 799 1028 Ssxrn

142 1051 306 1210 Nllaclldlalldr
319 1153 350 1190 os
363 1152 463 1190 meum
476 1130 562 1189 laude
575 1137 636 1203 tua,
651 1131 795 1206 alleluya:
816 1137 852 1188 ut
865 1131 973 1208 possim
994 1137 1122 1207 cantare,
1135 1132 1284 1211 alleluya:

85 1214 252 1291 gaudebunt
265 1215 344 1271 labia
357 1233 430 1287 mea,
445 1213 517 1270 dnm
530 1218 686 1270 cantavero
700 1212 765 1285 tibi,
780 1211 917 1288 alleluya,
932 1212 1065 1288 alleluya.

141 1295 394 1448 ldaldjullomme,
414 1373 537 1452 speravi,
557 1393 618 1431 non
636 1373 799 1431 confundar
816 1373 849 1430 in
867 1379 1029 1433 aeternum:
1049 1375 1082 1432 in
1096 1375 1216 1452 justitia
1230 1382 1284 1436 tua

85 1456 175 1514 libera
188 1463 219 1515 et
232 1457 312 1533 eripe
324 1476 380 1514 me.

143 1536 252 1595 Oratis.

141 1617 198 1691 Da,
212 1637 387 1695 quaesumus,
398 1616 536 1674 Ecclesiae
549 1621 617 1687 tuae,
633 1615 796 1674 misericors
810 1615 900 1690 Deua,
916 1622 951 1674 ut
966 1616 1081 1693 Spiritu
1095 1617 1203 1676 Sancto
1216 1639 1283 1678 con·

85 1705 208 1776 gregata,
233 1699 336 1757 hostili
358 1699 528 1756 nullatenus
550 1698 717 1754 incursione
741 1697 885 1758 turbetur.
938 1697 997 1754 Per
1020 1698 1191 1758 Dominum.
1242 1701 1282 1760 In
1336 1763 1341 1770 ,

85 1781 196 1838 unitate
210 1780 347 1856 ejusdem.

138 1861 235 1919 Lectio
249 1861 377 1918 Actorum
389 1858 592 1935 Apostolorum
605 1857 654 1936 (ii.
672 1856 785 1935 22-28).

139 1942 179 1999 In
193 1943 296 1999 diebus
309 1942 385 2014 illus,
397 1941 544 2018 Aperiens
558 1940 665 1997 Petrus
675 1959 706 1997 os
716 1958 810 2011 suum,
823 1938 919 2012 dixit;
934 1938 1005 1997 Viri
1015 1939 1167 2015 Israelitae‚
1178 1941 1280 2002 audite

85 2043 168 2099 taque
182 2025 223 2080 ad
232 2023 417 2098 jocunditate
431 2042 497 2080 cnm
510 2022 584 2079 facie
598 2027 657 2078 tua.
711 2063 713 2065 .

138 2103 287 2179 Alleluya.
336 2103 365 2162 V.
389 2103 510 2160 Emitte.

137 2184 286 2260 Alleluya.
336 2183 364 2242 V.
397 2184 525 2261 Spiritus
550 2181 674 2239 Domini
700 2180 826 2258 replevit
847 2181 948 2238 orbem
976 2187 1140 2242 terrarum:
1170 2188 1201 2242 et
1223 2185 1279 2244 hoc

85 2266 157 2342 quod
171 2267 304 2323 continet
317 2266 416 2322 omnia
430 2265 582 2322 scientiam
595 2264 684 2320 habet
697 2263 784 2320 vocis.

136 2345 301 2422 Sequentia.
345 2347 477 2404 *Laudes
491 2346 564 2418 Deo,
579 2353 613 2401 nt
627 2364 725 2419 supro,
739 2343 784 2400 cel
795 2339 882 2400 iata*

439 2439 612 2497 Consolator
632 2437 715 2508 alme,
736 2437 814 2507 veni,

439 2521 569 2596 Linguae
583 2518 670 2594 reple,
686 2517 773 2575 corda
786 2516 866 2590 leni;

439 2601 526 2659 Nihil
539 2599 615 2657 fellis
628 2605 681 2656 aut
694 2599 801 2656 veneni

479 2681 540 2738 Sub
554 2686 607 2738 tua
620 2679 783 2756 praesentia.

438 2763 494 2820 Nil
507 2762 678 2838 jocundum,
694 2760 738 2817 nil
751 2778 909 2831 amoenum,

437 2844 491 2900 Nil
506 2842 630 2915 salubre,
645 2841 689 2897 nil
703 2860 847 2911 serenum,

436 2923 525 2983 Nihil
539 2923 631 2995 dulce,
647 2922 723 2978 nihil
735 2922 866 2998 plenum,

477 3005 547 3061 Sine
561 3009 613 3060 tua
626 3003 728 3080 gratia.

438 3085 484 3143 Tu
497 3085 598 3142 lumen
611 3103 642 3142 es
655 3090 685 3141 et
698 3087 893 3160 unguentum,

437 3166 483 3223 Tu
497 3165 610 3223 caeleste
624 3165 852 3235 condimentum,

437 3248 534 3322 Aquae
549 3247 647 3304 ditans
660 3245 839 3302 elementum

476 3327 601 3386 Virtute
615 3325 756 3401 mysterii.

436 3408 524 3465 Nova
542 3406 613 3465 facti
630 3411 772 3478 creatura,

437 3489 478 3546 Te
492 3488 644 3546 laudamus
658 3493 758 3544 mente
770 3504 845 3562 pura
852 3503 862 3558 3

436 3569 547 3627 Gratiae
560 3588 648 3636 nunc,
663 3567 713 3625 sed
726 3573 834 3624 natura

476 3651 565 3708 Prius
578 3650 629 3706 irae
642 3648 704 3706 filii

436 3731 483 3789 Tu
497 3731 549 3807 qui
562 3731 690 3788 datores
704 3735 734 3786 et
747 3728 866 3800 donum,

434 3812 541 3871 Nostri
554 3811 647 3869 cordis
661 3829 747 3867 omne
761 3810 880 3880 bonum,

360 3961 362 3964 ¹
435 3893 494 3951 Cor
506 3893 544 3950 ad
558 3892 674 3949 laudem
687 3891 776 3948 redde
790 3909 925 3966 pronum,

434 3974 553 4031 Nostrae
567 3973 675 4049 linguae
688 3972 818 4028 formans
831 3989 936 4028 sonum

474 4054 513 4111 In
528 4060 580 4111 tua
594 4053 745 4131 praeconia.

432 4134 479 4192 Tu
493 4155 587 4211 purga
600 4153 652 4191 nos
666 4153 684 4191 a
697 4132 831 4210 peccantia,

432 4217 550 4272 Auctor
562 4216 624 4291 ipse
638 4214 766 4291 pietatis,

432 4296 474 4354 Et
487 4298 519 4353 in
534 4296 652 4354 Christo
666 4294 814 4353 renovatis

431 4376 480 4434 Da
493 4377 628 4452 perfectae
641 4376 784 4434 novitatis

472 4458 566 4516 Plena
578 4457 664 4535 napis
676 4457 790 4534 gaudia

128 4540 140 4568 ·
157 4537 314 4585 cm.-nss.
326 4536 348 4584 n
359 4536 406 4609 nu
421 4535 449 4583 r.
