2926 4996
27 487 30 493 ,
112 418 238 491 fles
395 478 397 484 .
659 419 747 487 Ordo
768 418 891 486 Missa.

174 585 751 664 Oetaeaspracipnaspratcrqnmninfta
790 585 1025 662 eontinyentibns,
1047 594 1074 645 et
1097 585 1132 644 in
1150 586 1253 644 nedem
1273 584 1377 644 Missis

174 667 296 726 Oetaeas
309 667 525 743 Assumptionis
540 677 566 725 et
579 666 755 725 Natiuitatis
793 666 879 742 infra
891 667 927 725 N
924 667 999 726 atale
1012 667 1137 725 Domini
1149 676 1176 725 et
1187 666 1376 743 processioni·

143 793 144 796 ,
173 746 258 806 beatae
281 747 395 806 Mariae.
451 747 596 807 Dicentur
614 748 699 807 etiam
718 749 753 806 in
793 748 846 807 bns
859 749 893 805 in
905 748 1084 807 liebdomada
1096 749 1278 807 Pmtecostes.
1323 747 1377 806 Di·

171 828 265 886 Festis
282 829 373 886 triam
390 829 559 887 Lectionum
571 829 656 905 infra
672 828 754 888 Octa
794 839 894 888 eentcn·
936 830 1024 888 etiam
1064 828 1099 886 in
1141 828 1236 887 Fastis
1282 828 1377 888 mmo

170 930 223 967 eas
245 911 340 967 saneti
376 908 524 967 Joleannis
553 909 694 987 Baptista
726 917 753 968 et
792 910 960 968 Lectionum
973 909 1058 986 infra
1072 909 1193 969 Oetaeas
1206 918 1377 968 sanetomem

171 991 266 1048 saneti
282 991 364 1049 Petri
384 992 424 1048 ad
450 990 572 1049 Vincula
592 991 754 1065 continpen
793 989 942 1048 Jolsannis
963 990 1106 1068 Baptista
1128 1000 1156 1049 et
1178 989 1274 1049 smteti
1294 990 1377 1050 Pers·

172 1072 256 1143 titas,
282 1080 391 1147 eneepto
417 1071 502 1129 Festo
525 1071 619 1129 sorceti
638 1071 751 1143 Leonis,
794 1072 835 1129 ad
868 1071 998 1144 Vincula,
1027 1079 1136 1148 excepto
1163 1071 1248 1130 Festo
1282 1071 1376 1130 sacnti

170 1161 197 1210 et
209 1153 244 1210 in
259 1151 372 1211 Oetaeis
386 1152 480 1210 saneti
495 1150 644 1228 Stephani,
660 1153 754 1210 saneti
793 1151 906 1224 Leonis,
922 1161 947 1210 et
967 1153 1002 1210 in
1023 1152 1137 1210 Oetacis
1156 1152 1309 1229 Stephani,
1323 1151 1376 1210 Jo-

170 1230 327 1305 Joliannis,
356 1242 382 1291 et
414 1241 581 1291 soosetomnn
609 1231 750 1292 Innocen·
792 1232 908 1306 hannis,
923 1242 949 1291 et
969 1232 1184 1306 Innocentium,
1207 1254 1276 1291 eum
1296 1240 1378 1292 eatae

80 1324 82 1327 ’
171 1313 254 1385 tiam,
274 1334 340 1371 eam
356 1323 438 1371 entra
457 1312 645 1373 Dominicam
658 1333 751 1373 evene
791 1314 979 1373 Dominieom
992 1315 1134 1372 evenerint
1142 1336 1155 1385 ;
1175 1321 1201 1373 et
1222 1314 1256 1372 in
1272 1315 1376 1373 mmiis

170 1394 240 1466 rint,
255 1393 306 1453 lroc
319 1395 411 1453 modo.
791 1395 888 1453 Feriis
911 1395 996 1470 infra
1019 1413 1115 1453 ornnes
1136 1394 1258 1454 Oetaeae
1273 1395 1375 1472 praei·

784 1496 873 1552 pnes,
899 1476 1018 1552 exeeptis
1044 1485 1123 1534 senta
1150 1477 1198 1534 die
1225 1496 1245 1534 a
1269 1475 1375 1535 Notati

791 1556 923 1629 Domini,
962 1556 1146 1615 hebdomadis
1186 1556 1311 1615 Pescia
1349 1565 1374 1615 et

792 1637 967 1696 Pentecostes
990 1647 1016 1696 et
1042 1639 1145 1697 mediis
1171 1637 1271 1697 Feriis
1293 1636 1374 1714 infra

793 1716 914 1776 Oetaeos
937 1718 1154 1794 Assumptionis
1177 1720 1241 1778 and
1261 1718 1374 1779 Nettei-

735 1835 738 1840 ·
793 1798 861 1857 tatis
875 1798 960 1857 beata
974 1800 1014 1856 M
1010 1797 1104 1880 arim]

310 2067 505 2124 Glo-ri-a
571 2066 605 2123 in
660 2066 979 2126 ex-cel-sisDe-o.

315 2363 499 2422 Glo-ri-a
555 2363 588 2420 in
637 2363 826 2422 ex-cel-sis
860 2365 980 2423 De-o.

226 2500 1053 2649 ξω

291 2662 489 2721 Glo-ri-si
532 2664 565 2721 in
606 2663 809 2721 ex-cel-sis
851 2663 967 2721 Dc-o.

230 2783 332 2842 Gloria
345 2784 378 2841 in
392 2784 514 2842 excelsis
527 2786 600 2844 Deo.
643 2786 685 2843 Et
704 2786 738 2843 in
750 2792 831 2844 terra
843 2805 904 2862 pax
917 2785 1086 2843 hominibus
1098 2786 1185 2843 bonae
1198 2785 1365 2845 voluntatis

168 2864 338 2923 Laudamus
358 2871 398 2938 te,
419 2866 625 2923 Benedicimus
638 2872 677 2939 te,
693 2867 863 2924 Adoramus
884 2873 922 2939 te,
942 2865 1147 2924 Glorificamus
1169 2871 1208 2924 te.
1256 2866 1368 2926 Gratias

168 2946 282 3022 agimus
303 2945 361 3003 tibi
380 2953 501 3023 propter
513 2966 652 3023 magnam
671 2947 795 3024 gloriam
814 2953 906 3020 tuam,
922 2947 1050 3006 Domine
1063 2948 1155 3020 Deus,
1171 2967 1228 3005 rex
1241 2946 1368 3019 caelestis,

169 3027 259 3100 Deus,
276 3027 367 3084 Pater
379 3027 572 3103 omnipotens.
615 3027 743 3086 Domine
763 3028 824 3085 Fili
836 3029 997 3105 unigenite,
1013 3028 1036 3087 J
1036 3048 1088 3087 esu
1102 3028 1230 3101 Christe,
1246 3028 1369 3087 Domine

168 3107 260 3180 Deus,
271 3108 378 3184 Agnus
391 3108 457 3181 Dei,
468 3107 563 3166 Filius
577 3108 685 3182 Patris,
699 3109 759 3177 Qui
772 3108 852 3166 tollis
866 3114 984 3186 peccata
996 3108 1110 3182 mundi,
1126 3109 1267 3168 miserare
1279 3109 1367 3168 nobis

169 3188 229 3258 Qui
242 3188 323 3246 tollis
337 3194 455 3265 peccata
468 3190 582 3263 mundi,
596 3190 709 3267 suscipe
723 3190 958 3266 deprecationem
970 3196 1109 3248 nostram.
1153 3190 1216 3260 Qui
1235 3191 1317 3250 sedes
1334 3189 1368 3249 ad

167 3269 321 3327 dexteram
335 3270 444 3342 Petris,
466 3271 604 3329 miserere
622 3271 715 3328 nobis
759 3270 908 3340 Quoniam
929 3278 965 3329 tu
983 3272 1062 3329 solus
1081 3277 1209 3345 sanetus,
1226 3272 1275 3330 Tu
1294 3271 1367 3330 solus

167 3350 324 3423 Dominus,
337 3350 384 3408 Tu
397 3351 476 3408 solus
488 3350 658 3425 altissimus,
670 3353 692 3411 J
693 3371 744 3411 esu
755 3351 873 3411 Christe
886 3371 953 3411 cum
968 3352 1075 3412 Sancto
1088 3352 1215 3429 Spiritu,
1227 3352 1269 3411 In
1280 3352 1368 3432 glou'a

167 3431 228 3490 Dei
241 3431 348 3489 Patris.
390 3431 499 3492 Amen.
1406 3465 1408 3468 >

226 3513 331 3570 Postea
353 3532 503 3572 conversas
515 3512 653 3572 Sacerdos
672 3513 714 3572 ad
727 3514 872 3591 popalmn
891 3515 970 3574 dieat
988 3514 1135 3574 Dominus
1152 3514 1316 3590 vobiscum,
1334 3511 1368 3596 [ct

165 3613 293 3652 reversus
306 3593 386 3652 dicet
399 3594 663 3667 &emus-MSS„
678 3602 782 3673 except
796 3592 835 3676 G]
851 3615 916 3654 mm
930 3595 1061 3655 Oolteeta.

228 3673 324 3733 *Nota
337 3675 416 3749 qaod
427 3676 468 3732 ad
480 3675 606 3733 Missam
618 3675 709 3751 jueta
721 3675 889 3736 Itmnanam
902 3677 1034 3736 ordinem
1046 3696 1109 3734 cena
1127 3675 1252 3737 Oetaea
1264 3676 1367 3737 dicitas·

164 3764 282 3831 propter
303 3755 430 3814 imitatis
455 3764 689 3827 sacramentnm·
720 3766 747 3816 et
774 3766 830 3816 tres
853 3759 978 3834 exemplo
1000 3757 1132 3829 Domini,
1158 3757 1213 3834 qni
1239 3767 1283 3819 ter
1304 3765 1366 3817 ent

168 3836 338 3895 Passionem
364 3856 458 3896 cresse
485 3835 598 3912 apitm,
626 3836 670 3895 cei
696 3846 815 3914 prepter
839 3838 996 3897 Trinitatis
1020 3839 1211 3915 mysterium:
1244 3839 1364 3917 quinqua

161 3917 1364 3996 prepterquinquepertitamDominiPassioneminenjnscommemoratmneeadem

166 3997 338 4057 celebramus
351 4000 443 4073 officia
453 4023 463 4059 :
482 4008 596 4075 septem,
608 4000 681 4074 qnia
693 4009 797 4076 septem
817 4001 978 4060 Dominicis
999 4001 1148 4059 Orationis
1161 4002 1318 4077 petitimses
1328 3997 1363 4059 ad

70 4130 75 4140 .
165 4079 402 4137 eorssecrotionem
419 4100 519 4139 eorum
531 4081 734 4156 mysteriorum
746 4080 878 4157 Apostoli
890 4080 1091 4158 frequentasse
1104 4081 1251 4157 lcpnntcn,
1265 4081 1310 4142 od
1327 4077 1361 4139 cd

86 4186 89 4191 <
165 4159 382 4298 ipponpndnm
391 4162 589 4299 lepliilpgom
601 4161 704 4221 Sancti
713 4161 860 4239 Spiritus:
881 4181 965 4239 qaem
976 4183 1133 4222 nmmrnm
1145 4183 1230 4224 nemo
1243 4162 1359 4224 medat

165 4257 187 4296 n
240 4259 277 4299 ra
288 4260 353 4299 conc
360 4260 456 4316 perme
480 4263 492 4298 s
525 4260 550 4302 r.

376 4399 522 4482 [aeetias
534 4405 652 4464 debeant
665 4403 799 4464 condedi
813 4402 1083 4466 Orationes-MS.
1098 4403 1153 4487 D.]

294 4560 308 4586 ⁵
323 4560 376 4607 MS.
389 4561 408 4608 Ο
419 4560 491 4608 omits
499 4561 549 4609 this
559 4562 641 4610 rubris
650 4563 698 4610 and
707 4577 766 4624 gess
776 4578 808 4612 cn
817 4565 879 4611 Dara
887 4565 971 4627 ῑιφὶειιτ·
976 4565 1088 4626 Epistola,
1098 4564 1147 4624 te,
1156 4579 1181 4626 p.
1192 4566 1243 4613 170.
