2956 5002
136 452 154 471 κ
182 419 246 481 182
654 415 773 481 Conon
794 413 916 481 Miccoe.

364 580 442 640 Eoo.
960 581 1026 642 MS.
1049 579 1107 640 Ν

181 684 303 746 Junctic
328 686 466 746 manibus
491 683 631 746 Sacerdos
817 734 835 765 4
955 732 972 764 ῃ
1092 734 1109 766 e
1228 734 1246 765 s

188 769 301 827 ‘reclinat
314 788 342 826 se
359 768 478 827 diceres:

243 865 297 923 ΤΕ
332 865 497 938 IGITUR,
526 864 752 924 clementissime
776 862 877 937 Pater,
901 883 954 941 per
972 864 1078 922 Jesum
1103 863 1257 922 Christum
1279 863 1395 922 Filium

181 966 268 1021 tuum
293 962 460 1020 Dominum
487 968 631 1036 nostrum,
657 961 801 1038 supplices
828 981 966 1040 rogamus
989 981 1023 1020 ac
1050 960 1179 1040 petimus
1202 960 1250 1019 uti
1273 950 1396 1039 accepta

490 1059 599 1118 habeas
618 1065 650 1117 et
669 1059 826 1117 benedicas

183 1351 633 1428 EcipcnsceSaoerdososcnlctcr
672 1352 734 1413 Hic
734 1352 836 1430 faciat
844 1353 983 1414 Sacerdos
997 1362 1053 1415 tres
1066 1372 1259 1433 nemnem·
1268 1353 1395 1416 Calicem

184 1433 330 1574 &igme
350 1434 459 1494 dextris
482 1435 627 1510 socrcflcii,
669 1445 822 1512 erponem,
838 1436 883 1493 ita
896 1436 1011 1495 dicens:

245 1612 334 1673 †hae0
354 1611 481 1693 dofflna,
498 1614 561 1671 haec
582 1611 753 1694 mufflnera,
772 1613 835 1672 haec
855 1613 999 1696 cambota
1018 1612 1161 1674 sacrificia
1180 1612 1307 1687 illibata,

188 1709 246 1769 Hic
259 1710 342 1770 elevet
355 1732 471 1784 mnus,
487 1711 606 1772 diceres:

187 1807 340 1884 Imprimis
360 1828 427 1886 quae
450 1809 509 1866 tibi
536 1809 685 1867 offerimus
704 1829 759 1886 pro
779 1808 912 1868 Ecclesia
931 1815 986 1868 tua
1005 1815 1107 1869 sancta
1121 1808 1283 1882 Catholica,
1306 1829 1398 1886 quam

186 1906 348 1982 pacificare,
372 1907 529 1979 custodire,
551 1906 690 1979 adunare,
715 1912 746 1964 et
768 1926 870 1985 regere
893 1907 1023 1985 digneris
1049 1912 1114 1965 toto
1140 1907 1211 1964 orbe
1236 1912 1396 1979 terrarum,

186 2021 247 2060 una
285 2021 354 2061 cum
393 2002 506 2062 famulo
547 2009 601 2061 tuo
635 2004 717 2080 Papa
750 2011 853 2062 nostro
886 2004 926 2063 N.
963 2011 993 2063 et
1028 2004 1177 2063 Antistite
1217 2009 1321 2063 nostro
1354 2002 1396 2063 N.

671 2101 705 2158 id
718 2110 758 2159 est
767 2120 824 2177 pro
838 2100 1048 2177 orolcieprhcopo

510 2203 540 2256 et
568 2197 650 2274 Rege
677 2204 779 2256 nostro

671 2295 711 2353 N.
728 2304 755 2352 ct
773 2295 874 2354 dicasset
886 2293 1065 2353 nomitatim

187 2395 218 2448 et
241 2391 379 2449 omnibus
403 2391 577 2452 orthodoxis
600 2400 691 2470 atque
714 2392 864 2450 catholicae
888 2399 920 2450 et
942 2391 1109 2470 apostoliea
1132 2390 1203 2449 fidei
1224 2390 1398 2451 cultoribus.

188 2488 246 2547 Hic
260 2499 320 2548 oret
328 2509 386 2566 pro
400 2491 481 2549 civis.
675 2490 735 2548 Hic
749 2498 808 2550 oret
821 2490 973 2566 capitondo
982 2485 1040 2566 p'ro
1053 2489 1136 2562 moia,
1149 2489 1267 2550 diem:

246 2665 410 2739 Memento,
431 2664 571 2740 Domine,
592 2667 772 2725 famulorum
792 2666 1029 2746 famularumque
1049 2673 1170 2725 tuarum
1190 2666 1231 2724 N.
1256 2663 1300 2746 [et
1313 2665 1399 2725 N.-

186 2760 315 2844 MS.1).]
331 2770 362 2821 et
375 2765 509 2822 omnium
523 2764 802 2841 circumstantiumss
816 2771 906 2841 atque
919 2764 1054 2823 omnium
1067 2762 1400 2842 fideliumJOhristiano·

186 2880 255 2918 rum
285 2880 412 2938 quorum
437 2863 495 2920 tibi
519 2863 592 2920 fides
616 2864 735 2941 cognite
762 2868 859 2921 estet
882 2870 954 2920 nota
974 2863 1112 2936 devoti03
1135 2881 1190 2939 pro
1210 2862 1321 2938 quibus
1341 2860 1400 2919 tibi

174 2958 338 3016 offerimus
358 2961 407 3017 vel
427 2960 480 3036 qui
499 2960 557 3017 tibi
577 2960 707 3018 offerunt
730 2961 785 3018 hoc
809 2961 985 3018 sacrificium
1012 2960 1118 3033 laudis,
1138 2979 1193 3037 pro
1220 2979 1251 3017 se
1278 2959 1399 3036 suisque

186 3054 333 3127 omnibus,
351 3074 406 3131 pro
423 3055 626 3133 redemptione
646 3057 814 3115 animarum
834 3077 965 3130 suarum,
986 3076 1041 3134 pro
1065 3075 1117 3133 spe
1141 3054 1247 3113 salutis
1268 3062 1299 3114 et
1319 3055 1399 3114 inco·

187 3152 335 3210 lumitatis
349 3172 418 3227 suae,
433 3153 549 3230 tibique
562 3154 692 3212 reddunt
704 3159 776 3211 vota
789 3173 842 3211 sua
855 3159 967 3211 aeterno
981 3153 1047 3211 Deo
1060 3153 1131 3211 vivo
1144 3158 1176 3210 et
1188 3171 1268 3211 vero.

671 3249 763 3327 Infra
776 3252 926 3309 actionem.

248 3348 507 3409 communicantes
528 3355 559 3409 et
582 3351 755 3409 memoriam
775 3355 960 3422 vernantes,
977 3347 1121 3425 Inprimis
1134 3347 1270 3427 gloriosa
1282 3366 1401 3427 semper

531 3448 657 3526 virginis
681 3447 798 3523 Mariae,

672 3542 733 3599 Hie
741 3561 854 3618 ponam
866 3538 1029 3599 inclinatas
1043 3540 1123 3600 dicat
1136 3536 1280 3599 edictam
1293 3548 1401 3618 septem

672 3623 758 3681 verba
771 3622 929 3698 sequentia,

187 3720 345 3798 genetricis
366 3720 426 3778 Dei
446 3726 477 3780 et
497 3719 622 3778 Domini
641 3720 738 3778 nostri
754 3720 776 3778 J
777 3739 829 3777 esu
844 3718 964 3792 Christi,
980 3718 1039 3778 Sed
1060 3724 1090 3777 et
1109 3718 1266 3778 beatorum
1285 3710 1403 3797 aposto«

187 3818 285 3877 lorum
308 3839 343 3878 ac
366 3825 533 3897 martyrum
553 3826 684 3890 tuorum,
705 3817 798 3890 Petri,
820 3816 917 3891 Pauli,
939 3817 1079 3890 Andreae,
1100 3816 1216 3890 Jacobi,
1237 3816 1260 3876 J
1261 3816 1400 3890 ohannis,

188 3915 316 3986 Thomce
331 3917 445 3990 Jacobi,
467 3916 609 3994 Philippi,
632 3914 852 3987 Bartholomaei,
875 3914 1023 3989 Matthaei,
1046 3914 1176 3973 Simonis
1195 3920 1227 3974 et
1247 3914 1401 3993 Thsddaei,

188 4012 268 4086 Lini,
285 4014 371 4086 cleti,
395 4013 566 4089 Clementis,
587 4013 677 4086 Sixti,
700 4012 839 4086 Cornelii,
856 4013 1007 4090 Cypriani,
1022 4012 1188 4087 Iaurentii‚
1202 4013 1401 4093 Chrysogoni,

219 4143 232 4168 ¹
247 4143 302 4188 MS.
314 4143 336 4187 A
352 4143 462 4189 contains
477 4143 540 4188 from
555 4146 569 4170 “
579 4143 615 4188 Tc
630 4141 725 4201 igitur”
739 4145 766 4188 to
780 4141 871 4188 “Hanc
885 4142 963 4201 igitur
983 4142 1149 4202 oblationem,”
1162 4142 1210 4189 and
1224 4141 1289 4189 from
1302 4143 1402 4190 “Pater

381 4214 483 4259 nostor’'
497 4217 523 4259 to
538 4214 580 4259 tho
595 4214 648 4260 end.
680 4214 704 4259 It
719 4214 763 4258 has
778 4226 811 4258 no
825 4212 926 4260 rubrica

246 4283 300 4329 MS.
315 4284 334 4329 0
350 4284 437 4342 begins
452 4289 476 4331 at
491 4285 533 4329 tho
547 4283 685 4344 paragraph
700 4283 800 4331 “Nobis
815 4298 911 4344 quoquo
926 4284 1114 4344 peccatoribus.”

248 4355 301 4400 MS.
314 4355 334 4400 F
350 4358 430 4400 wants
446 4356 487 4400 tho
503 4355 581 4400 whole
597 4355 687 4401 Canon.

248 4426 321 4471 MSS.
333 4427 362 4484 B,
371 4425 402 4483 D,
413 4425 442 4484 E,
452 4426 500 4471 and
516 4426 594 4473 Garo
608 4426 700 4485 perioot
714 4425 740 4471 in
755 4426 796 4472 the
812 4425 904 4472 Conon.
934 4425 1042 4473 MSSE
1056 4426 1106 4473 and
1121 4427 1144 4473 G
1158 4425 1221 4473 hsve
1234 4439 1269 4473 nc
1282 4426 1389 4475 rubrica.

218 4496 232 4558 †
248 4496 301 4541 MS.
314 4496 337 4541 A
353 4496 425 4541 omits
439 4497 473 4540 all
490 4496 590 4542 Orosses
604 4497 754 4555 throughout
769 4498 809 4542 the
826 4496 916 4543 Canon.

189 4570 232 4676 Bss
248 4568 548 4639 eircumstantium-Edd.
560 4569 608 4613 and
617 4568 690 4614 MSS.
701 4569 722 4614 B
737 4569 785 4615 and
798 4569 836 4625 D;
857 4569 1183 4618 circumastantium-MSS.
1193 4569 1225 4618 A.
1236 4570 1285 4617 and
1301 4570 1334 4632 G,
1350 4572 1402 4618 and

210 4642 314 4686 reviery.
