2926 4996
322 387 325 393 .
394 339 489 404 Dora
513 338 567 402 111.
588 345 663 423 post
689 339 824 405 Oetaeos
845 339 1051 405 Perrtccostea.
1262 345 1325 407 223

329 557 490 614 Domuica
510 555 627 613 Trarm
647 571 720 613 rosr
741 555 882 614 Ocmvas
903 556 1123 617 Prurrcosrrs.

190 675 330 752 Officium.

189 758 314 833 Respice
334 756 367 811 in
386 775 434 812 me
455 761 485 812 11
504 755 641 812 miserere
661 754 728 825 mei,
744 753 881 826 Domine,
896 756 1035 831 quoniam
1055 757 1161 813 unicus
1175 763 1205 814 et
1218 777 1330 834 pauper

128 860 196 897 sum
215 858 276 914 ego,
291 837 359 894 vide
377 836 577 892 humilitatem
597 855 693 893 meam
714 841 744 893 et
764 837 894 893 laborem
914 856 1022 908 meum,
1041 843 1072 894 et
1092 838 1210 896 dimitte
1230 840 1329 897 omnia

129 926 249 998 peccata
262 938 334 989 mea,
349 918 432 975 Deus
445 936 536 973 meus.

190 1000 336 1058 Psolmua

191 1081 244 1138 Ad
266 1087 306 1153 te,
323 1080 460 1150 Domine,
480 1078 578 1135 levavi
597 1077 727 1134 animam
750 1097 863 1136 meam:
885 1078 967 1136 Deus
990 1099 1082 1152 meus,
1101 1080 1134 1137 in
1153 1087 1184 1139 te
1208 1083 1329 1154 confido,

130 1183 192 1221 non
206 1163 381 1219 erubescam.

194 1243 303 1302 Oratio.
1024 1305 1025 1309 ,

194 1323 438 1398 Deprecationem
461 1327 602 1390 nostram,
624 1340 799 1396 quaesumus,
821 1321 957 1394 Domine,
980 1323 1125 1399 benignus
1147 1326 1274 1383 exaudi:
1301 1332 1332 1382 et

132 1405 241 1483 quibus
255 1402 439 1480 supplicandi
458 1407 579 1478 praestas
600 1401 746 1474 affectum,
761 1402 859 1458 tribue
879 1403 1057 1461 defensionis
1077 1405 1231 1464 auxilium.
1275 1407 1333 1463 Per

133 1487 305 1544 Dominum.

194 1584 290 1641 Lectio
304 1581 444 1657 Epistola
457 1580 531 1638 beati
544 1580 627 1638 Petri
640 1579 771 1655 Apostol'
784 1581 817 1658 (l
835 1602 859 1636 o.
878 1581 972 1658 6-11).

197 1664 366 1723 Uerissimi:
388 1662 601 1719 Humiliamini
622 1663 676 1718 sub
689 1662 805 1736 potenti
818 1682 909 1718 manu
923 1663 982 1720 Dei
1001 1684 1091 1738 usque
1110 1667 1151 1722 od
1164 1665 1228 1742 Ipsi
1241 1666 1334 1744 gloria
1426 1697 1428 1700 >

133 1753 165 1806 et
178 1746 337 1822 imperium
350 1745 383 1800 in
396 1744 502 1800 saecula
515 1743 695 1799 saeculorum.
738 1743 845 1799 Amen.

198 1826 330 1884 Grudale.

196 1909 286 1966 Jacta
299 1907 461 1981 cogitatum
474 1912 561 1962 tuum
574 1905 607 1960 in
621 1903 766 1976 Domine3
787 1910 818 1961 et
831 1905 893 1979 ipsc
906 1910 937 1960 te
950 1905 1087 1963 enutriet.

141 1990 171 2048 V.
199 1990 281 2046 Dum
302 1988 457 2044 clamarem
478 1987 516 2043 ad
536 1986 699 2043 Dominum
723 1985 878 2042 exaudivit
897 2005 1000 2042 vocem
1020 2007 1134 2044 meam:
1158 1989 1196 2044 ab
1217 1990 1263 2045 his
1284 1989 1336 2064 qui

134 2071 375 2147 appropinquant
388 2068 469 2124 mihi.

198 2151 346 2225 Alleluya.
397 2149 424 2206 V.
448 2148 575 2205 Domine
600 2147 682 2204 Deus
705 2154 813 2218 noster,
842 2167 931 2223 quam
958 2149 1130 2206 admirabile
1157 2156 1203 2206 est
1229 2169 1336 2207 nomen

135 2240 224 2288 tuum
238 2232 270 2287 in
284 2231 423 2287 universa
436 2237 521 2286 terra

199 2329 366 2386 Secundum
379 2327 491 2384 Isaram
504 2327 565 2400 (aa
585 2326 670 2403 1-10)

200 2411 239 2467 In
258 2410 310 2466 illo
330 2415 470 2483 tempore,
485 2408 580 2463 Erant
600 2405 869 2482 appropinquantes
889 2407 927 2462 ad
940 2407 962 2464 J
963 2425 1045 2463 esum
1065 2407 1216 2481 publicani
1231 2413 1262 2464 et
1274 2427 1338 2482 pec

137 2500 251 2550 catores
271 2510 361 2564 usqae
381 2490 421 2545 od
441 2488 582 2564 gaudium
602 2489 660 2544 erit
680 2507 777 2544 coram
797 2487 908 2564 angelis
923 2487 981 2544 Dei
1001 2507 1089 2564 super
1108 2507 1168 2544 uno
1188 2495 1338 2564 peccatore

137 2572 343 2650 paenitentiam
356 2575 469 2646 agente.

202 2652 394 2726 Offertorium.

202 2735 327 2808 Sperent
340 2733 372 2788 in
386 2737 417 2788 te
436 2751 536 2788 omnes
556 2731 609 2806 qui
628 2736 775 2786 noverunt
795 2749 903 2786 nomen
923 2735 1018 2801 tuum,
1034 2730 1179 2788 Domine:
1200 2732 1340 2806 quoniam

140 2836 201 2873 non
226 2813 405 2889 derelinquis
429 2819 592 2889 quaerentes
615 2818 664 2869 te:
689 2811 806 2887 psallite
828 2812 958 2868 Domino
982 2813 1034 2888 qui
1055 2812 1171 2868 habitat
1194 2812 1228 2868 in
1251 2812 1339 2870 Sion:

141 2896 282 2972 quoniam
296 2901 415 2951 nonest
429 2893 538 2950 oblitus
552 2893 714 2949 orationem
728 2894 873 2968 pauperis.

201 2976 321 3033 Secreta.

203 3058 332 3113 Munera
352 3055 417 3127 tibi,
433 3056 569 3125 Domine,
584 3055 684 3110 oblata
704 3055 862 3126 sanctifica,
881 3061 918 3110 ut
937 3055 984 3110 tui
1004 3055 1089 3112 nobis
1104 3055 1262 3130 Unigeniti
1283 3075 1342 3112 cor-

143 3159 197 3215 pus
211 3145 242 3195 et
256 3137 375 3223 sanguis
388 3137 469 3193 fiant.
513 3136 571 3192 Per
584 3135 717 3192 eundem.

204 3218 384 3277 Communia

205 3301 268 3375 Ego
289 3299 414 3355 clamavi
434 3298 573 3374 quoniam
594 3297 742 3354 exaudisti
762 3316 817 3369 me,
837 3297 937 3355 Deus:
959 3297 1069 3353 inclina
1089 3317 1190 3354 aurem
1210 3303 1342 3354 tuamet

144 3382 253 3438 exaudi
266 3382 356 3436 verba
369 3399 441 3437 mea.

204 3461 444 3518 Poatccmmuaio.

206 3542 281 3598 Haec
301 3561 355 3598 nos
376 3542 550 3610 communio,
566 3541 702 3610 Domine,
717 3546 823 3616 purget
839 3561 856 3597 a
877 3539 1007 3611 crimine,
1029 3546 1060 3597 et
1080 3540 1202 3597 caelestis
1222 3539 1344 3596 remedii

145 3624 234 3681 faciat
248 3643 309 3682 esse
323 3628 476 3681 consortes.
521 3622 579 3678 Per
592 3623 762 3678 Dominum.

618 3834 719 3889 Fama
740 3834 877 3903 Qunam.

208 3965 258 4022 Ad
273 3965 450 4023 Colossenses
463 3964 479 4041 (
480 3965 524 4021 111.
543 3965 656 4042 17-24).

210 4047 346 4103 Fratres:
369 4046 463 4102 Omne
484 4046 677 4122 quodcunque
697 4045 794 4102 facitis
814 4046 846 4102 in
860 4048 950 4104 verbo
971 4053 1024 4104 aut
1044 4047 1076 4104 in
1097 4068 1182 4124 opere
1202 4069 1292 4123 usque
1305 4051 1346 4108 ad

148 4150 166 4184 a
189 4127 318 4183 Domino
342 4127 490 4202 accipietis
518 4127 747 4203 redemptionem
771 4127 960 4201 haereditatis,
985 4129 1042 4186 Per
1065 4128 1169 4186 Jesum
1194 4130 1347 4188 Christum

150 4209 313 4265 Dominum
327 4215 469 4265 nostrum.

211 4305 377 4363 Samiarium
390 4305 563 4361 Mottlraeam
576 4305 620 4376 (o.
638 4304 753 4381 25-30)

155 4449 159 4454 ,
212 4387 251 4443 In
265 4387 316 4443 illo
330 4393 469 4462 tempore,
486 4387 574 4443 Dixit
587 4387 609 4444 J
610 4406 676 4443 esus
692 4387 843 4462 discipulis
861 4388 921 4445 suis
933 4389 1032 4446 :Esto
1054 4391 1237 4450 consentiens
1258 4383 1348 4469 arque

153 4469 193 4525 ud
207 4487 295 4543 quam
310 4474 407 4524 totum
420 4487 524 4544 corpus
537 4474 624 4524 tuum
639 4474 687 4524 eat
699 4469 732 4524 in
746 4469 917 4544 gehennam.
