2926 4996
141 370 204 437 100
542 367 646 435 Perde
659 391 686 435 c.
701 368 744 435 c‘a
758 368 813 436 die
832 367 931 438 naa.

200 535 350 614 Dissipata
373 542 443 595 sunt
465 555 529 594 ossa
552 541 654 595 nostra
676 555 758 596 secus
779 537 948 598 infernum:
978 536 1049 615 quia
1069 538 1109 597 ad
1129 543 1171 612 te,
1196 540 1330 615 Domine,

139 619 275 690 Domine,
291 618 368 676 oouli
381 618 458 689 mei;
477 617 511 674 in
524 623 555 675 te
568 617 693 694 speravi,
706 637 767 675 non
780 619 895 676 auferas
908 619 1038 676 animam
1051 638 1155 679 meam

198 699 322 758 Custodi
339 718 386 756 me
404 718 422 756 a
443 698 548 775 laqueo
566 718 655 775 quem
672 703 843 757 statuerunt
860 699 954 758 mihi:
975 705 1006 758 et
1019 720 1038 758 a
1050 701 1199 760 scandalis
1211 721 1329 781 operan-

137 781 215 838 tium
228 780 425 856 iniquitatem

199 860 314 918 (ludent
339 860 373 917 in
398 858 541 918 retiaculo
565 860 629 937 ejus
650 865 836 938 peccatores:
866 860 1056 939 singulariter
1076 881 1145 921 sum
1158 857 1231 942 ego,
1245 864 1332 923 donec

138 949 294 1000 transeam.

199 1033 428 1093 Edd—Gloria.
819 1031 897 1115 [MS.
918 1033 1068 1095 D.-Arat.
1106 1036 1234 1097 Oustodi
1252 1056 1331 1098 mea

756 1113 884 1196 laqueo]

200 1195 379 1272 Antiphone.
802 1218 804 1222 ⁴

201 1276 429 1334 Considerabam
442 1274 480 1333 ad
493 1274 647 1333 dexteram
664 1280 695 1333 et
707 1275 844 1335 videbam
858 1297 864 1335 :
885 1280 916 1335 et
932 1296 993 1334 non
1006 1283 1070 1336 erat
1083 1279 1136 1357 qui
1149 1286 1329 1358 cognosceret

174 1376 197 1417 e.

200 1437 339 1495 Paalmae
352 1436 432 1514 (cccli.
448 1434 569 1514 (142)).

201 1518 284 1577 Voce
297 1536 362 1576 mea
375 1518 413 1575 ad
426 1517 589 1575 Dominum
602 1516 744 1576 clamavi:
763 1537 834 1577 voce
850 1537 916 1577 mea
932 1519 970 1578 ad
983 1520 1148 1578 Dominum
1165 1521 1327 1599 deprecatus

140 1618 225 1657 snm:

199 1679 329 1738 Effundo
342 1679 374 1736 in
388 1684 544 1756 conspectu
559 1679 621 1756 ejus
634 1679 797 1737 emtionem
813 1699 926 1739 meam:
946 1687 977 1739 et
994 1681 1221 1742 tribulationem
1240 1701 1326 1742 meam

140 1767 209 1819 ante
222 1761 319 1838 ipsum
332 1760 499 1837 pronuncio.

199 1843 240 1900 In
253 1841 412 1899 deficiendo
426 1860 464 1898 ex
477 1860 524 1897 me
538 1839 676 1915 spiritum
685 1859 784 1899 meum
797 1861 804 1899 :
827 1847 858 1900 et
870 1847 906 1899 tu
915 1843 1079 1920 cognovisti
1091 1843 1213 1904 semitas
1225 1863 1307 1904 meas

200 1923 239 1980 In
252 1922 302 1979 via
314 1921 368 1979 hac
382 1941 440 2000 qua
453 1921 657 1978 ambulabam:
677 1921 893 1979 absconderunt
906 1924 1025 1999 superbi
1037 1924 1177 2001 laqueum
1189 1925 1272 1984 mihi

199 2003 428 2061 Considerabam
440 2002 478 2060 ad
492 2002 652 2074 dexteram,
667 2007 698 2060 et
711 2002 865 2061 videbam:
886 2008 917 2061 et
929 2022 990 2061 non
1004 2010 1067 2062 erat
1080 2005 1134 2081 qui
1147 2012 1326 2084 cognosceret

142 1376 173 1415 m

139 2103 186 2142 me

187 2129 293 2223 'Periit
306 2166 376 2242 fuga
389 2183 407 2221 a
419 2183 484 2221 me:
504 2168 535 2220 et
549 2183 609 2221 non
623 2168 668 2221 est
681 2163 734 2240 qui
746 2164 878 2240 requirat
891 2165 1021 2223 animam
1035 2185 1138 2225 meam

160 2327 166 2340 ι
198 2246 331 2340 Clamavi
344 2245 383 2304 ad
396 2251 436 2317 te,
451 2244 588 2316 Domine,
603 2244 686 2301 dixi:
707 2245 753 2301 Tu
764 2265 801 2302 es
820 2264 884 2323 spes
901 2265 983 2304 mea:
1004 2247 1102 2324 portio
1118 2266 1187 2306 mea
1202 2248 1238 2306 in
1253 2254 1325 2308 terre

137 2333 324 2466 milirtibiilde
337 2407 375 2464 ad
388 2405 622 2483 deprecationem
635 2425 749 2464 meam:
770 2405 840 2483 quia
852 2405 1025 2464 humiliatus
1038 2426 1105 2465 sum
1117 2409 1218 2468 nimis.

195 2489 304 2546 Libera
317 2507 382 2544 mea
395 2507 413 2544 a
425 2486 668 2562 persequentibus
682 2506 729 2544 me
742 2507 748 2544 :
772 2487 842 2562 quia
855 2488 1012 2546 confortati
1024 2495 1096 2547 sunt
1109 2509 1200 2567 super
1212 2510 1268 2550 me.

197 2569 281 2627 Educ
298 2568 335 2625 de
357 2566 489 2625 custodia
509 2567 638 2624 animam
661 2587 756 2625 meam
773 2569 811 2626 ad
832 2568 1031 2627 confitendum
1052 2571 1168 2628 nomini
1188 2577 1262 2630 tuo:
1284 2590 1326 2629 me

135 2655 294 2727 expectant
304 2649 388 2724 justi,
403 2648 494 2704 donec
508 2648 653 2704 retribuas
667 2648 748 2705 mihi.

196 2746 416 2805 Edd—-Gloria
429 2746 521 2803 Patri
552 2745 635 2804 Sicut
648 2751 719 2804 erat.
816 2743 894 2826 [MS.
917 2747 1066 2807 D.-Arat.
1103 2747 1324 2810 considerabam

753 2827 791 2884 ad
804 2825 977 2908 dexteram]
1028 2823 1031 2830 ’

195 2909 347 2966 Diaconos
373 2908 414 2965 ad
437 2905 538 2965 Altera
563 2904 672 2987 [cerras
698 2908 738 2965 ad
765 2909 1005 2968 cruentam—MS.
1029 2907 1083 2993 Ι).]
1107 2911 1236 2989 iacrpiot
1255 2912 1324 2971 hanc

135 2988 343 3066 Aatiplroaosm.

212 3320 541 3379 Osa-nan-ti-bus
592 3339 629 3376 au
673 3354 684 3362 ·
730 3325 792 3377 tem
871 3323 1057 3398 ac-ce-pit
1115 3322 1311 3402 Je-suspa·

130 3422 209 3476 nem,
223 3402 386 3473 benedixit,
402 3420 435 3459 ac
448 3400 546 3478 fregit,
560 3400 643 3490 dedit
656 3400 808 3477 discipulis
821 3401 889 3461 suis.

190 3509 240 3567 Pa
284 3507 464 3584 Magnificat.

190 3588 361 3666 Antiphone
373 3588 434 3646 sira
447 3596 611 3664 maranata,
627 3587 741 3645 eiectat
758 3596 861 3661 cetcrae,
876 3589 999 3648 dicata.
1042 3589 1218 3668 Aratrpdmeo
1225 3592 1318 3669 fiaitc,

131 3671 279 3728 Praedator
292 3671 378 3728 dicat.

192 3751 338 3809 Dominus
351 3749 510 3808 vobiscum.
554 3747 686 3806 Oramus.

194 3832 304 3890 Oratio.

191 3912 308 3970 Refecti
320 3912 461 3969 vitalibus
474 3910 630 3984 alimentis,
642 3929 818 3986 quaesumus,
832 3912 960 3970 Domine
972 3912 1054 3971 Deus
1066 3919 1178 3988 noster,
1199 3921 1236 3974 ut
1248 3914 1321 3992 quod

130 3999 260 4068 tempore
284 3999 391 4050 nostrae
418 3991 609 4050 mortalitatis
637 3991 835 4068 exsequimur,
860 3993 1092 4053 immortalitatis
1119 4001 1181 4054 tuae
1205 4014 1321 4055 munero

131 4092 349 4149 consequamur.
393 4074 452 4130 Per
466 4072 635 4130 Dominum
1045 4088 1048 4093 ’

191 4165 343 4223 Diaconos
355 4167 390 4224 io
402 4164 522 4224 ecclesiis
535 4165 720 4224 exterioritas
733 4165 820 4224 dicct.

277 4494 716 4552 Bc-ne-di-ca-mus
797 4495 846 4554 Do
909 4531 921 4542 -
983 4526 996 4545 a
1056 4499 1198 4559 mi-no.
