2926 4996
192 336 264 433 102Ι
577 368 680 434 Festa
693 368 735 434 oi.
750 367 793 434 iu
807 349 994 435 Parasceoe.

189 538 278 610 usquc
302 536 343 592 ad
367 535 444 604 Quia
467 534 695 593 misericordiam
718 535 808 608 volui,
833 540 864 593 et
884 555 946 593 non
972 534 1155 609 sacrificium,
1181 542 1212 595 et
1236 538 1387 597 scientiam

189 616 247 674 Dei
259 616 416 692 plusquam
429 615 605 674 holocausta.

250 698 374 754 Tractus
382 698 435 754 iste
448 718 467 754 a
481 697 592 754 duobus
612 695 734 755 Vicuruis
746 697 780 754 iu
796 695 883 772 Cupis
895 697 990 772 alpais
1003 705 1142 756 emutatus.

207 791 212 807 ¹
248 776 385 851 Domine,
399 777 649 835 audivianditum
668 783 763 850 tunm,
777 783 807 835 et
827 777 936 836 timui:
968 779 1150 836 consideravi
1174 797 1265 856 opera
1288 786 1341 839 tua
1359 788 1387 839 et

188 877 226 915 ex
246 878 303 917 avr.

193 877 287 996 VpIn
308 938 404 997 medio
431 938 523 996 duum
544 938 717 996 animalium
738 938 949 997 innotesceris:
983 939 1054 997 dum
1075 940 1387 1018 appropinquavenmt

185 1020 257 1076 anni
270 1021 456 1097 cognosceris,
471 1021 543 1077 dum
556 1019 709 1077 advenerit
722 1025 839 1095 tempus
853 1019 1021 1077 ostenderis.

193 1099 222 1158 V.
248 1100 288 1158 In
301 1120 335 1158 eo
349 1101 420 1158 dum
433 1100 609 1158 conturbata
621 1101 712 1158 fuerit
725 1101 824 1158 anima
837 1119 902 1157 mea
915 1120 922 1158 ε
945 1100 979 1158 in
991 1101 1044 1174 ira,
1056 1101 1266 1160 misericordiae
1279 1123 1387 1163 memor

186 1200 250 1239 ens.

192 1260 219 1319 V.
247 1261 329 1320 Deus
342 1282 360 1319 a
373 1261 488 1319 Libano
500 1261 620 1319 veniet:
640 1266 670 1319 et
684 1261 809 1319 Sanctus
822 1262 859 1320 de
872 1267 972 1319 monte
985 1262 1123 1320 umbroso
1137 1267 1168 1320 et
1181 1264 1337 1324 condenso.

192 1341 222 1400 V.
249 1342 375 1418 Operuit
388 1343 472 1400 caelos
485 1339 638 1418 majestasl
650 1343 713 1418 ejus
726 1363 733 1400 ε
754 1348 784 1400 et
797 1342 893 1400 laudis
906 1343 970 1418 ejus
982 1343 1071 1420 plena
1079 1350 1125 1401 est
1138 1348 1226 1402 terra.

246 1424 331 1480 Taua
357 1424 436 1481 dicat
462 1423 614 1481 Proelatus.
672 1422 803 1482 Oremus.
863 1422 1021 1483 Diaconos.
1077 1424 1249 1483 Flectamus
1281 1445 1380 1503 genua

184 1501 333 1561 Praelatus
355 1503 529 1576 Orationem,
551 1503 641 1575 Deus,
665 1523 683 1561 a
704 1523 763 1580 quo
786 1508 817 1560 et
838 1503 941 1562 Judas
991 1504 1117 1579 sequte
1136 1524 1230 1581 sopra
1251 1506 1286 1564 ia
1308 1506 1384 1567 oasa

184 1583 309 1642 Domini
329 1593 396 1642 aute
417 1584 585 1660 Epistulam.
635 1583 702 1642 Ista
724 1585 820 1642 lectio
844 1604 864 1642 a
888 1584 1112 1660 Presbyterum
1133 1587 1224 1661 aspra
1247 1586 1332 1664 Ospa
1353 1589 1383 1646 ic

183 1663 277 1722 medio
292 1664 382 1722 Obori
395 1665 499 1740 absque
513 1665 597 1722 titulo
611 1665 730 1739 leputar.

243 1744 341 1803 Lectio
357 1746 465 1821 pruma.
508 1746 606 1803 Exodi
621 1744 689 1822 (ccii.
708 1744 801 1822 1-11)
847 1770 850 1775 ’

244 1825 358 1883 Mensis
370 1827 427 1883 iste
440 1827 524 1884 vobis
536 1826 715 1903 principium
729 1825 889 1884 mensium:
906 1825 1019 1902 primus
1033 1826 1091 1884 erit
1105 1826 1137 1884 in
1149 1829 1304 1887 mensibus
1316 1829 1383 1887 anni

182 1925 272 1980 usque
286 1908 326 1963 cd
339 1912 384 1964 est
396 1907 476 1964 enim
490 1907 594 1978 Phase‚
609 1907 640 1964 id
654 1912 699 1964 est
712 1906 855 1963 transitus
869 1906 1000 1964 Domini.

244 1997 392 2075 Completu
404 2000 463 2058 istu
480 1999 603 2071 baeticae,
618 1999 719 2057 statim
731 1999 783 2058 iste
799 1998 924 2058 Tractus
938 2019 959 2057 a
972 1999 1085 2058 duobus
1103 1999 1229 2060 Vicordis
1242 2002 1277 2059 iu
1292 2002 1384 2079 aiyris

183 2078 272 2156 Cupis
287 2089 426 2153 cantatam,
440 2089 475 2138 ut
488 2081 604 2139 solitum
614 2089 660 2138 est.

242 2172 402 2330 lilipidudia
418 2253 555 2325 Domine,
571 2253 608 2310 ab
621 2252 740 2311 homine
753 2252 848 2310 malo:
869 2271 888 2310 a
900 2252 965 2310 viro
978 2252 1082 2330 iniquo
1095 2252 1189 2312 libera
1202 2273 1259 2313 me.

187 2334 222 2406 V.
244 2335 304 2404 Qui
317 2336 521 2412 cogitaverunt
535 2334 663 2392 malitias
676 2334 709 2391 in
722 2333 826 2390 corde:
845 2339 911 2390 tota
920 2333 971 2411 ,die
985 2334 1206 2391 constituebant
1220 2336 1333 2412 praelia.

187 2414 216 2472 V.
242 2417 400 2474 Acuerunt
414 2416 529 2492 linguas
543 2434 610 2472 suas
630 2415 706 2472 sicut
719 2419 885 2490 serpentes:
905 2433 1054 2472 venenum
1075 2415 1211 2492 aspidum
1227 2416 1285 2474 sub
1303 2417 1385 2476 labiis

180 2515 366 2712 :Vimilnustodi
385 2595 441 2648 me,
458 2566 593 2648 Domine,
610 2575 645 2633 de
665 2594 756 2633 manu
776 2575 952 2651 peccatoris:
974 2581 1005 2633 et
1025 2576 1063 2632 ab
1083 2575 1257 2651 hominibus,
1274 2577 1383 2656 iniquis

185 2656 527 2830 Vlellpirinbogitaverunt
551 2735 740 2813 supplantare
764 2755 878 2813 gressus
902 2755 1000 2794 meos:
1027 2736 1246 2795 absconderunt
1266 2739 1383 2817 superbi

179 2816 592 2956 llqulelltuliunniebhiirtendsrunt
605 2897 638 2954 in
651 2897 789 2972 laqueum
802 2896 926 2973 pedibus
940 2896 1026 2955 meis:
1035 2897 1126 2973 juxta
1141 2898 1200 2956 iter
1213 2900 1381 2959 scandalum

179 2984 341 3053 posuerunt
354 2978 435 3035 mihi

186 3059 214 3119 V.
241 3058 316 3115 Dixi
336 3058 465 3116 Domino
474 3079 483 3131 ;
504 3058 586 3116 Deus
605 3077 688 3116 meus
708 3077 738 3115 es
758 3062 810 3115 tu:
832 3058 940 3116 exaudi
960 3058 1096 3130 Domine,
1117 3078 1221 3117 vocem
1241 3062 1381 3120 orationis

180 3158 376 3313 1llleallomine,
391 3220 529 3292 Domine,
548 3219 645 3277 virtus
665 3219 769 3277 salutis
790 3238 879 3276 meae:
901 3219 1045 3277 obumbra
1065 3225 1155 3296 capnt
1174 3239 1278 3279 meum
1290 3223 1325 3281 in
1336 3223 1379 3281 die

178 3301 286 3440 ll'llhllle
300 3382 399 3440 tradas
412 3401 460 3439 me
473 3401 491 3439 a
505 3381 648 3438 desiderio
661 3400 727 3438 meo
740 3380 903 3456 peccatori:
923 3379 1130 3457 cogitaverunt
1149 3381 1311 3441 adversum
1326 3403 1378 3455 me,

176 3482 214 3520 ne
228 3463 413 3539 derelinquas
427 3482 482 3534 me,
497 3482 535 3519 ne
550 3481 679 3538 unquam
694 3461 870 3518 exaltentur.

182 3543 212 3602 V.
239 3543 337 3620 Caput
349 3543 489 3600 circuitus
502 3562 621 3601 eorum:
643 3542 726 3599 labor
738 3542 882 3599 labiorum
897 3541 1029 3617 ipsorum
1042 3541 1154 3619 operiet
1167 3562 1225 3600 eos

176 3625 455 3764 cVivaffipppzmen
469 3712 471 3717 ,
474 3623 550 3700 justi
573 3622 793 3681 confitebuntur
814 3622 928 3732 nomini
951 3628 1022 3679 tuo:
1049 3628 1080 3679 et
1101 3623 1285 3682 habitabunt
1308 3624 1379 3683 recti

237 3802 332 3860 Hodie
345 3823 405 3860 acu
418 3800 527 3859 dicitur
541 3800 642 3858 Gloria
656 3799 747 3856 Patri.
790 3797 848 3857 Sed
867 3808 936 3857 tuuc
948 3799 1107 3872 Driacorrus,
1123 3810 1240 3877 acceptu
1258 3802 1378 3862 benedie-

175 3884 258 3954 tiorte‚
284 3883 357 3957 ἱεραί
378 3882 547 3941 Pessimum
570 3881 631 3939 siae
655 3880 800 3937 Dominus
823 3881 981 3938 vobiscum.
1036 3877 1074 3960 [et
1100 3880 1162 3939 siae
1189 3882 1296 3958 aliqua
1318 3883 1378 3941 alia

172 3963 383 4039 Respondeas:
412 3963 457 4021 vel
478 3963 591 4038 loqutus
610 3981 630 4018 u
651 3961 744 4018 tribus
763 3961 951 4037 Presbyterie,
972 3961 999 4018 si
1018 3962 1059 4018 sic
1080 3962 1256 4021 ordinatam
1276 3965 1380 4023 erit.-

178 4043 242 4102 us.
263 4041 315 4122 n]

201 4222 207 4236 .
233 4141 337 4198 Passio
359 4140 481 4198 Deraiai
504 4141 597 4199 nostri
622 4138 696 4199 Jesu
721 4138 839 4198 Christi.
888 4138 1055 4198 Secundum
1078 4139 1247 4202 Jobaarwm
1268 4141 1382 4221 (cmii,

175 4219 338 4358 mIirilld
340 4265 483 4377 tempore,
496 4301 636 4378 Egressus
646 4307 691 4359 est
704 4301 726 4360 J
728 4320 793 4358 esus
802 4321 870 4359 oum
880 4301 1031 4378 discipulis
1042 4302 1104 4359 suis
1118 4307 1203 4360 trans
1212 4308 1379 4363 torrentem

173 4384 289 4442 (ledron
302 4401 390 4458 usque
403 4383 444 4439 cd
464 4382 510 4440 Ut
524 4383 676 4460 Scriptura
688 4382 868 4459 impleretur,
884 4383 983 4439 dicens
998 4380 1068 4459 (aix.
1087 4383 1148 4461 24).
1192 4383 1255 4443 Hic
1271 4386 1380 4444 destra-

681 4510 694 4534 *
709 4509 770 4556 Edd.
782 4509 865 4567 gloria.
953 4516 956 4521 ’
