2926 4996
295 104 435 172 Sobbotc
449 105 579 173 Sancto.
615 106 808 175 Benedictio
822 109 994 176 Fontiom.
1212 103 1275 178 121

232 272 338 330 Sancte
353 272 446 345 Sixto,
461 292 513 331 ora

158 351 160 359 '
232 353 339 410 Sancte
352 353 505 427 Laurenti,
520 374 572 411 ora
916 406 918 412 .

232 433 341 492 Omnes
355 435 449 492 sancti
463 435 621 512 Martyres,
637 443 719 494 orate
875 441 878 447 '

231 514 338 572 Sancte
353 514 484 593 Gregori,
500 535 551 573 ora

230 595 336 653 Sancte
350 595 372 653 J
373 597 512 669 ohannes,
527 617 578 654 ora

229 675 336 734 Sancte
350 676 499 750 wilfride,
514 697 566 735 ora

229 756 339 815 Omnes
353 758 448 816 sancti
462 758 656 832 confessores,
671 764 754 818 orate

228 837 338 896 Sancta
351 838 482 915 Agatha,
497 858 549 897 ora

228 918 336 977 Sancta
348 919 460 996 Agnes,
475 939 527 978 ora

173 1068 175 1073 ,
227 999 336 1057 Sancta
350 1000 476 1073 Caecilia,
492 1020 544 1058 ora

228 1079 339 1138 Omnes
353 1088 462 1139 sanctae
477 1082 628 1158 Virgines,
644 1088 726 1141 orate

227 1160 337 1220 Omnes
353 1162 465 1236 Sancti,
480 1168 563 1221 orate

123 1280 229 1339 Finito
255 1302 320 1340 cero
339 1282 464 1341 Litoaio
491 1292 544 1342 olet
567 1283 714 1342 Proelotces
740 1304 838 1343 corsus
865 1285 1010 1359 orientem,
1034 1287 1107 1344 dum
1135 1286 1273 1346 benedicit

39 1361 178 1433 statem.

108 1473 110 1477 ·
123 1455 289 1514 Benedictio
300 1455 414 1531 sontis,

123 1549 271 1606 Dominus
283 1549 443 1607 vobiscum.
487 1549 620 1609 Oremus.

123 1641 318 1718 Omnipotens
332 1643 510 1720 sempiterne
524 1644 615 1718 Deus,
630 1645 731 1702 adesto
753 1664 866 1721 magnae
887 1645 1008 1721 pietatis
1029 1652 1089 1704 tuae
1110 1649 1269 1724 mysteriis,

65 1721 163 1780 adesto
196 1724 395 1796 sacramentis,
429 1730 460 1783 et
493 1725 532 1782 ad
565 1725 705 1783 creandos
729 1720 830 1783 'novos
863 1727 987 1803 populos
1018 1747 1092 1804 quos
1119 1729 1177 1786 tibi
1204 1731 1269 1788 fons

64 1803 248 1880 baptismatis
281 1805 420 1881 parturit,
457 1805 603 1882 Spiritum
636 1806 804 1883 adoptionis
838 1807 951 1881 emitte,
985 1814 1021 1865 ut
1048 1809 1127 1884 quod
1161 1817 1269 1869 nostrae

64 1883 240 1943 humilitatis
267 1887 428 1962 gerendum
455 1893 501 1943 est
527 1887 701 1960 ministerio,
728 1893 786 1945 tuae
813 1887 936 1947 virtutis
966 1889 1126 1965 impleatur
1152 1890 1271 1950 effectu.'

64 1965 119 2024 Per
132 1966 305 2024 Dominum.
348 1967 388 2024 In
402 1967 517 2025 unitate
533 1968 662 2044 Spiritus
676 1969 786 2040 Sancti,
802 1969 899 2028 Deus*

121 2047 181 2105 Per
193 2048 293 2105 omnia
306 2049 412 2105 saecula
425 2049 605 2107 saeculorum.

120 2127 269 2186 Dominus
282 2129 442 2188 vobiscum.

120 2209 245 2266 Sursum
258 2210 353 2270 corda.

120 2289 240 2348 Gratias
254 2310 374 2368 agamus
388 2291 519 2349 Domino
533 2291 598 2348 Deo
612 2298 721 2350 nostro.

118 2370 200 2429 Vere
213 2372 336 2448 dignum
349 2379 380 2431 et
395 2374 514 2448 justum
530 2378 581 2446 est,
598 2393 716 2449 aequum
736 2379 767 2430 et
787 2373 923 2446 salutare,
946 2392 1001 2431 nos
1022 2373 1079 2431 tibi
1101 2394 1215 2451 semper
1235 2381 1266 2434 et

63 2451 168 2529 ubique
190 2453 300 2529 gratias
321 2473 415 2530 agere,
441 2453 579 2524 Domine,
593 2460 694 2511 sancte
718 2453 817 2526 Pater,
835 2455 1021 2530 omnipotens
1041 2460 1150 2513 aeterne
1171 2457 1263 2530 Deus,

60 2532 110 2607 qui
142 2533 288 2591 invisibili
321 2534 455 2611 potentia
488 2540 738 2592 sacramentorum
771 2541 893 2592 tuorum
926 2535 1103 2594 mirabiliter
1136 2538 1265 2613 operaris

62 2614 203 2672 effectum.
247 2615 287 2672 Et
303 2616 373 2673 licet
392 2635 446 2673 nos
469 2615 563 2672 tantis
584 2616 732 2693 mysteriis
754 2616 947 2693 exsequendis
969 2617 1061 2675 simus
1082 2617 1206 2694 indigni,
1229 2626 1265 2677 tu

60 2701 159 2753 tamen
171 2696 276 2773 gratiae
289 2702 349 2754 tuae
363 2697 440 2755 dona
453 2715 515 2753 non
529 2697 672 2770 deserens,
688 2697 779 2756 etiam
793 2698 830 2755 ad
850 2705 966 2756 nostras
986 2718 1086 2775 preces
1106 2719 1192 2757 aures
1204 2707 1264 2758 tuse

60 2775 177 2850 pietatis
197 2776 330 2835 inclinas.

116 2857 209 2930 Deus,
235 2859 319 2935 cujus
347 2857 477 2935 Spiritus
507 2877 595 2934 super
629 2878 721 2935 aquas
754 2858 833 2916 inter
866 2859 931 2936 ipsa
964 2861 1069 2917 mundi
1101 2861 1263 2937 primordia

59 2937 214 3011 ferebatur,
249 2946 285 2996 ut
314 2940 378 3017 jam
412 2945 484 2997 tune
517 2939 661 2997 virtutem
695 2940 935 2999 sanctificationis
972 2961 1117 3017 aquarum
1155 2948 1263 3002 natura

59 3019 138 3077 conci
159 3026 242 3077 eret:

115 3039 208 3173 Dlius,
224 3101 277 3177 qui
289 3101 423 3159 nocentis
436 3100 542 3158 mundi
562 3100 687 3158 crimina
708 3121 762 3178 per
781 3121 873 3179 aquas
888 3102 1011 3160 abluens
1032 3103 1262 3179 regenerationis

58 3181 181 3256 speciem
195 3181 227 3238 in
241 3182 305 3258 ipsa
318 3182 425 3240 diluvii
446 3182 587 3241 effusione
609 3183 740 3259 signasti,
755 3189 791 3240 ut
804 3183 893 3241 unius
913 3183 1102 3260 ejusdemque
1122 3184 1262 3242 elementi

58 3262 206 3338 mysteri0,
221 3269 251 3321 et
265 3263 333 3320 finis
346 3270 424 3322 esset
437 3263 529 3336 vitiis,
545 3268 576 3321 et
589 3263 671 3341 origo
684 3263 848 3321 virtutibus
861 3285 868 3322 t

115 3343 249 3420 Respice,
264 3344 401 3416 Domine,
416 3344 567 3402 infaciem
588 3344 724 3402 Ecclesiae
742 3350 811 3419 tuce,
827 3352 857 3402 et
871 3345 1037 3421 multiplica
1049 3345 1082 3401 in
1097 3365 1131 3403 ea
1144 3365 1261 3422 regene-

56 3424 184 3482 rationes
208 3430 282 3482 tuas.
340 3426 400 3495 Qui
423 3425 526 3502 gratiae
547 3431 607 3482 tuae
634 3425 782 3483 affluentis
809 3425 923 3502 impetu
950 3426 1080 3483 laetificas
1107 3426 1260 3484 civitatem

56 3510 144 3575 tuam,
159 3505 331 3582 fontemque
349 3507 535 3583 baptismatis
557 3507 652 3582 aperis
673 3512 738 3564 toto
760 3507 829 3564 orbe
851 3513 996 3564 terrarum
1017 3507 1154 3583 gentibus
1175 3507 1260 3565 inno-

56 3586 167 3659 vandis,
192 3592 228 3644 ut
248 3593 308 3645 tuae
330 3588 493 3663 majestatis
514 3587 638 3663 imperio
665 3593 763 3644 sumat
794 3586 954 3664 Unigeniti
967 3610 969 3622 ’
982 3588 1030 3644 tui
1062 3588 1189 3665 gratiam
1222 3588 1260 3646 de

56 3665 169 3742 Spiritu
198 3668 313 3726 Sancto.
356 3669 416 3727 Hic
443 3668 596 3727 dividatur
622 3689 702 3743 oqao
728 3688 821 3726 moneo
848 3669 882 3726 in
908 3670 1028 3727 modum
1056 3670 1155 3727 crucia
1200 3670 1261 3739 Qui

55 3746 128 3805 hano
152 3767 262 3824 aquam
288 3749 493 3828 regenerandis
519 3749 689 3815 hominibus
715 3755 910 3826 praeparatam
937 3768 1044 3807 arcana
1070 3750 1117 3807 sui
1137 3750 1259 3808 luminis

55 3828 238 3888 admixtione
260 3830 408 3904 fecundet,
427 3837 463 3888 ut
484 3830 714 3888 sanctificatione
735 3835 876 3907 concepta
896 3831 934 3888 ab
954 3831 1143 3893 immaculato
1164 3831 1259 3889 divini

53 3908 144 3968 fontis
171 3918 258 3969 utero
285 3911 318 3968 in
339 3931 449 3969 novam
476 3917 580 3969 renata
606 3917 771 3969 ereaturam
797 3911 950 3988 progenies
973 3911 1096 3970 caelestis
1120 3919 1256 3990 emergat.

54 3989 95 4047 Et
108 4010 191 4068 quos,
206 3998 260 4048 aut
273 4011 361 4050 sexus
374 3993 406 4050 in
429 4012 557 4069 corpore,
572 3997 625 4049 aut
641 3997 712 4049 aetas
727 3992 871 4049 'discernit
892 3992 926 4049 in
947 3997 1088 4069 tempore,
1105 4013 1205 4051 omnes
1225 3994 1258 4051 in

52 4091 143 4129 unam
167 4073 265 4149 pariat
289 4073 385 4149 gratia
408 4080 504 4131 mater
526 4073 692 4131 infantiam.
748 4072 857 4130 Procul
879 4092 948 4151 ergo
971 4073 1041 4132 hinc
1068 4075 1193 4151 jubente
1217 4080 1256 4147 te,

53 4152 189 4227 Domine,
223 4154 318 4212 omnis
351 4154 473 4230 spiritus
506 4154 691 4212 immundusv
710 4154 855 4226 abscedat,
890 4155 993 4230 procul
1026 4160 1090 4213 tota
1123 4155 1258 4231 nequitia

51 4233 202 4292 diabolicae
230 4234 342 4292 fraudis
368 4235 499 4294 absistat.
554 4235 652 4304 ¹Nihil·
667 4235 715 4295 hic
742 4235 800 4292 loci
822 4235 931 4294 habeat
954 4237 1108 4294 contrariae
1134 4236 1257 4294 virtutis
