2926 4996
536 359 640 426 Fcru’u
653 382 680 426 u
696 359 739 426 in
752 361 808 452 die
823 362 925 427 Ocnos.
1288 366 1330 435 97
1423 368 1425 372 ’

193 525 304 588 Oratio.
601 555 604 562 ·

192 607 284 682 Deus,
298 627 318 664 o
330 625 389 684 quo
409 612 439 664 et
452 607 474 666 J
475 606 548 665 udas
561 607 694 684 proditor
710 614 810 666 reatus
829 609 876 667 sui
889 627 1013 686 poenam,
1028 609 1261 673 etconiessionis
1274 632 1334 673 suae

128 689 210 748 latro
227 688 382 766 praemium
398 689 532 765 sumpsit,
551 690 676 748 concede
698 690 783 747 nobis
804 695 864 748 tuae
885 690 1103 767 propitiationis
1120 692 1256 752 effectum
1265 714 1275 767 3
1299 702 1335 755 ut

129 770 210 829 sicut
228 770 262 827 in
281 769 415 846 passione
435 788 488 826 sua
508 769 530 827 J
531 788 597 827 esus
618 769 754 828 Christus
774 770 921 828 Dominus
941 776 1041 830 noster
1063 772 1178 831 diversa
1201 775 1335 852 utrisque

129 849 238 908 intulit
250 849 396 927 stipendia
409 849 600 923 meritorum3
620 851 664 908 ita
677 851 770 922 nobie,
786 851 885 908 ablato
901 853 1058 910 vetustatis
1072 873 1177 927 errore,
1192 875 1334 916 resurrec-

129 931 223 1025 tionis
243 950 302 989 suae
322 930 449 1067 lgratiam
468 930 619 1008 largiatur.
668 931 728 1001 Qui
747 937 846 990 tecum
865 931 943 990 vivit
963 939 994 990 et
1013 940 1117 1012 regnat
1138 935 1227 995 Deus.
1274 937 1334 996 Per

130 1031 234 1070 omma
247 1031 322 1070 saecu
334 1031 359 1069 s.

193 1092 290 1151 lectio
304 1091 441 1169 Epistoln
454 1091 528 1150 tecti
541 1091 635 1150 Pauli
646 1090 785 1168 Apostoli.

192 1173 245 1231 Ad
259 1172 423 1232 Corinthios
436 1170 470 1249 (1
486 1172 525 1229 ni.
541 1171 657 1249 20-32).

195 1253 333 1312 Fratres:
369 1252 618 1310 convenientibus
638 1252 722 1310 vobis
742 1253 775 1310 in
795 1273 897 1326 unum,
914 1254 979 1330 jam
996 1275 1057 1313 non
1078 1262 1123 1314 est
1143 1257 1332 1324 Dominicam

131 1353 236 1394 cenam
249 1334 425 1392 manducare
438 1353 528 1408 usque
541 1333 583 1390 ccl
594 1340 629 1390 ut
642 1352 702 1390 non
716 1353 783 1390 cum
796 1334 851 1391 hoc
864 1336 975 1392 mundo
988 1336 1170 1398 damnemur.

197 1414 323 1473 Grcdnle
338 1411 369 1494 [u
383 1414 495 1471 duodus
507 1414 674 1472 Rectoribus
689 1413 779 1473 Cleri
793 1423 925 1474 cantetur
938 1416 972 1473 in
979 1418 1212 1493 punita—MS.
1229 1418 1282 1502 D.]

195 1495 331 1553 Christus
351 1494 446 1552 factus
469 1500 514 1551 est
536 1513 590 1570 pro
611 1495 696 1552 nobis
715 1494 853 1553 obediens
874 1515 967 1572 usque
987 1498 1024 1555 ad
1044 1506 1187 1558 mortem:
1207 1506 1333 1560 mortem

131 1582 235 1636 autem
249 1575 349 1634 crucis.

137 1657 167 1716 V.
194 1655 323 1734 Propter
340 1655 419 1732 quod
436 1661 467 1713 et
484 1655 566 1713 Deus
584 1654 729 1713 exaltavit
741 1655 845 1714 illum:
866 1662 898 1715 et
911 1657 993 1716 dedit
1005 1659 1051 1716 illi
1064 1679 1182 1736 nomen,
1196 1664 1276 1739 quod
1289 1670 1334 1723 eet

132 1756 322 1816 superomne
335 1756 450 1794 nomen.
1392 1740 1394 1746 ’

197 1817 323 1876 &adele
331 1827 398 1894 post
417 1817 535 1876 Versum
547 1816 747 1893 reincipiatur.

195 1899 363 1958 Secundum
375 1897 541 1955 Jclscnnenn
553 1897 633 1973 (nili.
652 1897 746 1974 1-15).

195 1980 280 2037 Ante
293 1979 371 2036 diem
379 1978 488 2036 festum
502 1979 630 2051 Paschae,
641 1979 733 2036 sciens
742 1978 764 2036 J
765 1998 831 2037 esus
841 1979 911 2055 quia
923 1979 1008 2040 venit
1021 1980 1095 2040 hora
1108 1983 1180 2058 ejus,
1192 1989 1227 2042 ut
1241 1990 1334 2042 trans-

133 2066 184 2119 eat
206 2080 246 2118 cx
265 2060 320 2117 hoc
341 2059 452 2117 mundo
468 2059 505 2116 ad
527 2059 648 2122 Patrem
664 2061 808 2134 usquead
828 2060 997 2136 exemplum
1016 2063 1096 2120 enim
1112 2063 1180 2121 dedi
1193 2064 1283 2138 vobis,
1299 2073 1334 2122 ut

133 2140 382 2218 quemadmodum
395 2159 448 2218 ego
460 2138 518 2198 feci
530 2140 622 2214 vobiS,
636 2140 680 2197 ita
693 2146 724 2197 et
736 2159 789 2198 vos
800 2141 922 2199 faciatis

198 2222 390 2297 Offcrtoriunt.

197 2303 331 2360 Dextera
352 2300 475 2359 Domini
495 2301 565 2359 fecit
586 2301 737 2374 virtutem,
753 2301 875 2359 dextera
887 2301 1010 2359 Domini
1023 2303 1167 2363 exaltavit
1183 2325 1247 2364 me:
1275 2325 1336 2365 non

134 2385 255 2456 moriar,
271 2383 321 2441 sed
334 2383 442 2455 vivam,
458 2388 488 2440 et
501 2382 626 2440 narrabo
640 2401 728 2458 opera
742 2382 871 2440 Domini.

199 2478 370 2561 [Ponuntur
383 2500 402 2536 c
415 2479 546 2537 Diacono
560 2487 617 2536 tres
628 2477 727 2536 sossio
739 2479 780 2535 cd
790 2449 1022 2551 concurrendum,
1033 2500 1160 2555 questum
1173 2482 1240 2541 dene
1251 2503 1337 2542 rescr-

136 2571 242 2621 ventur
254 2562 289 2618 in
301 2560 469 2631 crastinum,
484 2580 547 2617 unc
561 2559 602 2617 cd
617 2559 838 2635 percipiendum
856 2560 891 2618 ub
909 2560 1065 2620 Enecutore
1080 2562 1174 2637 Officii
1180 2585 1193 2633 ;
1212 2563 1335 2640 reliquo,

137 2653 172 2702 ut
179 2651 314 2720 ponatur
328 2661 393 2700 curn
407 2639 499 2700 Orucc
512 2640 546 2697 in
559 2639 829 2715 Sepulchra—MS.
845 2639 898 2721 D.]

196 2739 317 2798 Secreta.

200 2821 270 2897 Ipse
281 2820 348 2893 tibi,
363 2837 537 2895 quaesumus,
553 2817 688 2891 Domine,
704 2823 804 2877 sancto
817 2819 917 2891 Pater,
928 2820 1112 2897 omnipotens
1124 2827 1232 2880 aeterne
1246 2823 1336 2896 Deus,

139 2902 314 2960 sacrificium
341 2906 475 2958 nostrum
498 2899 602 2957 reddat
628 2905 788 2976 acceptum,
814 2901 867 2975 qui
893 2901 1043 2976 discipulis
1060 2903 1121 2959 suis
1142 2904 1175 2959 in
1195 2903 1242 2961 sui
1263 2924 1337 2963 com-

138 2982 350 3041 memoratione
371 2981 426 3039 hoc
449 2979 513 3037 fieri
534 2979 676 3036 hodierna
698 2980 857 3038 traditione
882 2983 1068 3056 monstravit,
1090 2982 1179 3042 Jesus
1202 2983 1338 3043 Christus

139 3063 288 3122 Dominus
300 3068 406 3119 noster.
450 3061 509 3130 Qui
522 3065 627 3119 tecum.

200 3143 350 3220 Proesntio.
391 3142 453 3212 Qui
464 3142 596 3200 salutem.

199 3223 293 3300 Infra
305 3223 462 3282 Actionem.
505 3221 759 3280 Communicantes
773 3228 803 3279 et
816 3222 894 3279 diem
907 3223 1142 3282 sacratissimum.

199 3303 293 3380 Infra
312 3304 468 3362 Actionem.
515 3303 606 3360 Hanc
618 3302 712 3380 igitur
732 3303 910 3361 oblationem
929 3312 955 3361 et
979 3304 1038 3374 Qui
1061 3305 1156 3380 pridie
1175 3325 1264 3381 quam
1283 3325 1337 3383 pro

141 3391 250 3459 nostra,
266 3405 357 3460 usque
371 3384 429 3441 Per
442 3403 529 3460 quem
543 3384 670 3442 omnia·

200 3478 299 3560 [Tunc
310 3479 408 3537 Oleum
419 3478 611 3554 Infirmorurn
621 3479 773 3537 benedicet.
809 3479 921 3538 Deinde
935 3489 1084 3538 conuersus
1094 3481 1134 3538 ad
1146 3478 1248 3539 Altnre
1262 3482 1340 3539 dicct

142 3561 202 3620 Per
215 3580 304 3637 quom
317 3560 381 3618 haec
392 3560 499 3633 omnia,
510 3569 536 3618 et
546 3569 643 3618 cetere.
675 3559 840 3634 Antequam
853 3559 894 3616 Et
905 3579 963 3635 pax
974 3561 1036 3635 ejus
1050 3561 1175 3632 duntur,
1185 3562 1244 3619 duo
1251 3563 1341 3638 pueri

142 3643 176 3700 in
189 3641 272 3699 Anu
285 3649 352 3698 unte
364 3640 528 3700 Oirisrnnc
537 3641 703 3716 Presbytero
716 3640 750 3697 in
763 3639 845 3697 Albis
858 3639 910 3697 sub
922 3640 1016 3715 pullio
1029 3641 1211 3716 deportatum
1224 3651 1339 3715 meunt,

142 3743 233 3799 usque
255 3722 296 3780 ecl
317 3721 409 3780 cluere
432 3722 612 3797 perueniunt,
635 3721 661 3778 Ο
682 3721 872 3796 Redemptor,
895 3739 977 3778 sume
998 3740 1115 3778 carnem
1135 3728 1227 3780 temet
1248 3724 1342 3781 conci-

142 3805 288 3862 nentium
350 3801 473 3874 Clonus,
495 3802 521 3860 Ο
544 3801 733 3878 Redemptor.
778 3801 879 3872 Pueri,
908 3800 993 3859 Audi
1011 3801 1113 3877 judex.
1161 3801 1280 3878 Olenus,
1313 3805 1339 3862 Ο

143 3885 333 3961 Redemptor.
375 3883 478 3956 Pueri,
497 3883 594 3940 Arbor
612 3882 689 3941 iaeta.
739 3880 859 3953 Chorus,
875 3881 900 3938 Ο
916 3881 1103 3957 Redemptor.
1143 3882 1226 3942 Tunc
1239 3894 1341 3960 snrqnt

144 3966 315 4042 Episcopus,
330 3973 355 4022 et
373 3973 418 4022 eut
438 3984 504 4022 cunt
517 3963 660 4022 ministris
676 3962 739 4022 suis
755 3963 796 4020 ccl
808 3961 918 4033 Altero,
933 3970 959 4019 et
972 3961 1072 4020 dicunt
1087 3964 1178 4038 pueri
1198 3964 1287 4024 Stans
1302 3965 1341 4025 ad

143 4066 233 4104 aram
277 4045 398 4118 Chorus,
414 4044 439 4104 O
454 4044 644 4121 Redemptor.
679 4043 780 4115 Pueri,
796 4041 971 4101 consecrare
984 4049 1019 4100 tu
1037 4043 1165 4120 dignare.
1221 4043 1340 4119 Chorus,

144 4127 171 4186 Ο
186 4127 375 4204 Redemptor.

205 4225 320 4283 Deinde
333 4223 480 4282 Proelctus
493 4223 638 4282 benedicat
651 4241 717 4282 curn
732 4220 907 4298 prefatione
918 4219 1052 4282 Oltrisnce
1066 4221 1224 4299 confectum
1240 4224 1298 4283 ouo
1315 4234 1342 4282 et

144 4305 280 4377 tolenno,
292 4314 318 4363 et
328 4306 505 4364 benedictum
519 4304 623 4362 salutet
636 4309 662 4361 'et
675 4303 826 4377 osculetur,
838 4304 944 4377 dicens,
957 4303 1032 4375 Ave,
1045 4310 1180 4362 sanctum
1191 4305 1342 4363 Chrisma:

190 4445 281 4492 'MSS
289 4443 309 4488 B
317 4445 364 4490 and
372 4444 567 4499 G.-etceterc‚ut
574 4442 597 4487 in
607 4442 777 4502 canerentque
784 4441 970 4502 adAgnusDei3
982 4441 1091 4505 quodnon
1097 4441 1241 4501 ductantur
1248 4443 1345 4490 osculum

142 4504 216 4552 dener.
246 4503 347 4565 despuis
352 4503 443 4563 penitus
452 4508 562 4560 sununs,
571 4502 621 4559 deu,
631 4515 657 4548 as
667 4501 751 4559 below,
760 4516 783 4563 p.
792 4504 827 4549 98.

617 4580 641 4620 Η
