2926 4996
390 345 492 410 Faria
505 344 549 410 iv.
565 345 604 409 H
602 344 787 410 ebdomadae
800 346 940 411 Soracte.

123 512 252 572 Grodcls
267 523 335 589 post
355 513 472 571 Versum
486 533 546 570 noa
558 521 714 587 repetatur.

121 595 271 652 Dominus
284 594 443 652 vobiscum.
481 593 614 651 Oramus.
658 594 825 651 Flectamus
839 613 942 670 genua.
986 594 1104 655 Levate.

123 675 235 734 Oratio.

122 756 214 827 Deus,
231 756 284 832 qui
303 776 357 832 pro
370 756 455 812 nobis
474 755 585 812 Filium
605 761 697 812 tuum
713 755 807 812 crucis
828 754 994 831 patibulum
1015 757 1114 813 subire
1134 757 1267 830 voluisti,

63 838 120 894 ut'
111 837 229 894 mimici
241 857 259 894 a
272 838 356 894 nobis
371 837 531 912 expelleres
544 856 582 913 po
584 842 741 907 t3estatem
772 837 897 893 concede
919 837 1003 893 nobis
1020 837 1138 895 famulis
1156 839 1216 896 tuis
1232 846 1268 897 ut

61 926 207 976 resurrect
209 919 285 975 ionis
299 917 422 994 gloriam
435 936 654 993 consequamur.
698 917 756 974 Per
770 917 896 974 eundem
909 917 1080 975 Dominum.

121 1016 220 1074 Lectio
233 1016 332 1073 Esaiae
346 1015 496 1091 Prophetae
509 1014 581 1092 (liii
600 1015 676 1087 1-10,
696 1016 758 1092 12).

122 1114 163 1171 In
178 1115 280 1171 diebus
293 1114 361 1186 illis,
377 1114 468 1171 Dixit
482 1114 602 1171 Esaias:
634 1114 769 1186 Domine,
786 1113 852 1189 quis
866 1115 990 1171 credidit
1010 1115 1127 1172 auditui
1147 1119 1269 1174 nostrol

62 1215 153 1271 usqam
176 1197 216 1252 od
237 1195 271 1251 in
292 1215 398 1252 manus
421 1196 484 1270 ejus
508 1195 653 1270 dirigetur
664 1215 673 1266 3
703 1215 756 1270 pro
780 1215 811 1252 es
835 1196 913 1271 qnod
936 1196 1061 1252 tradidit
1084 1196 1117 1252 in
1140 1205 1267 1254 mortem

61 1277 191 1334 animam
207 1295 289 1333 suam
296 1298 305 1348 3
321 1283 431 1333 etcum
445 1276 592 1333 sceleratis
606 1281 761 1351 reputatus
775 1281 820 1333 est
828 1295 836 1347 3
853 1281 883 1333 et
897 1277 959 1351 ipse
972 1282 1090 1352 peccata
1103 1277 1267 1334 multorum

62 1358 140 1428 tulit,
168 1363 199 1414 et
222 1377 276 1433 pro
300 1357 563 1434 transgressoribus
583 1357 707 1432 rogavit,
723 1363 758 1414 ut
779 1376 839 1413 non
860 1358 1000 1433 perirent,
1025 1357 1098 1414 dicit
1122 1358 1267 1415 Dominus

61 1439 255 1513 omnipotens.

124 1520 256 1576 Tractus.

121 1599 261 1670 Domine,
277 1599 384 1656 exaudi
398 1599 560 1656 orationem
574 1617 688 1656 meam:
709 1603 739 1655 et
753 1597 862 1655 clamor
875 1618 958 1655 meus
972 1599 1009 1656 ad
1023 1605 1053 1656 te
1066 1600 1175 1657 veniat.

66 1681 95 1739 V.
122 1680 173 1737 Ne
188 1685 304 1737 avertas
317 1679 422 1737 faciem
436 1687 520 1736 tuam
533 1699 551 1737 a
565 1699 631 1737 me:
659 1679 692 1735 in
705 1699 881 1755 quacunque
895 1680 942 1737 die
956 1681 1092 1752 tribulor,
1107 1680 1217 1739 inclina
1230 1682 1268 1739 ad

60 1781 107 1819 me
121 1781 225 1818 aurem
239 1766 329 1818 tuam.

65 1843 95 1900 V.
122 1841 161 1898 Iu
176 1861 351 1917 quacunque
365 1841 412 1898 die
425 1841 600 1898 invocavero
614 1846 662 1898 te:
683 1841 824 1898 velociter
836 1841 945 1898 exaudi
958 1861 1012 1898 me.

64 1923 93 1980 V.
121 1923 201 1992 Quia
214 1923 384 1980 defecerunt
398 1923 474 1979 sicut
487 1921 585 1979 fumus
600 1922 662 1978 dies
676 1922 752 1978 mei:
783 1928 813 1979 et
835 1941 899 1979 ossa
918 1941 985 1978 mea
1005 1922 1082 1979 sicut
1096 1922 1128 1979 in
1141 1923 1268 1981 frixorio

59 2004 197 2062 confrixa
217 2011 294 2060 sunt.

65 2085 95 2142 V.
122 2085 282 2142 Percussus
296 2103 362 2140 sum
376 2084 453 2140 sicut
466 2083 585 2155 faenum,
604 2088 634 2140 et
654 2083 735 2140 aruit
757 2103 806 2140 cor
828 2103 948 2141 meum:
977 2083 1048 2159 quia
1069 2084 1179 2141 oblitus
1201 2105 1266 2141 sum

59 2166 237 2223 manducare
251 2184 357 2241 panem
371 2184 477 2222 meum.

65 2247 94 2304 V.
121 2247 169 2303 Tu
183 2265 350 2322 exsurgens,
366 2245 502 2316 Domine,
513 2244 695 2302 misereberis
709 2244 794 2301 Sion:
810 2247 879 2320 quia
888 2245 972 2302 venit
981 2250 1098 2321 tempus
1108 2246 1266 2303 miserendi

58 2329 131 2403 ejus.

120 2407 269 2465 Dominus
282 2407 441 2464 vobiscum.
485 2407 607 2464 Etcum
621 2406 728 2482 spiritu
742 2412 804 2463 tuo.

119 2489 157 2546 N
154 2509 192 2546 ort
203 2487 436 2583 dicaturtGloria
450 2487 508 2581 tibi
522 2487 658 2580 Domine:
689 2568 695 2580 .

61 2651 160 2788 1’1491)ιι
173 2731 226 2788 illo
245 2736 384 2806 tempore,
401 2729 670 2806 Appropinquabat
690 2735 790 2786 antem
810 2729 873 2786 dies
892 2729 984 2786 festus
1006 2729 1198 2806 Azymorum,
1214 2731 1266 2806 qui

59 2811 171 2870 dicitur
185 2811 298 2870 Pascha
311 2831 401 2886 usqae
415 2813 455 2867 cd
469 2810 569 2888 (ccciii.
587 2810 650 2888 45).
693 2810 735 2867 Et
748 2811 810 2868 haec
824 2811 932 2882 dicens,
948 2812 1118 2886 exspiravit.

552 2907 644 2965 Pater
664 2913 771 2965 noster.

49 3007 174 3065 ·Videns
185 3012 287 3064 autem
300 3006 433 3063 centurio
446 3025 535 3080 usqua
543 3004 584 3062 ad
591 3004 728 3062 mulieres
738 3023 803 3079 quae
818 3010 925 3061 secutae
939 3010 1024 3062 erant
1034 3025 1102 3062 eum
1116 3025 1134 3062 a
1143 3005 1265 3063 Galilaea

60 3087 119 3146 haec
132 3088 275 3145 videntes.

118 3168 313 3244 Evangelium
327 3166 425 3244 (ccciii.
443 3166 557 3242 50-53).

118 3249 160 3306 Et
185 3269 250 3306 ecce
274 3249 322 3305 vir
344 3249 463 3305 nomine
486 3247 508 3305 J
510 3247 607 3323 oseph,
629 3246 681 3322 qui
702 3252 765 3303 erat
785 3246 913 3317 decurio,
935 3247 1096 3304 virbonus
1116 3248 1266 3323 etjustus

64 3349 148 3406 usquc
162 3331 203 3387 od
216 3331 249 3387 in
263 3349 322 3405 quo
335 3330 468 3386 nondum
482 3329 637 3406 quisquam
651 3327 765 3404 positus
779 3327 884 3384 fuerat.

120 3410 312 3484 Offertorium.

119 3490 257 3565 Domine,
273 3490 381 3549 exaudi
394 3490 557 3548 orationem
571 3508 686 3547 meam:
710 3493 740 3546 et
754 3487 863 3545 clamor
877 3507 959 3545 meus
972 3488 1010 3546 ad
1023 3494 1054 3545 te
1067 3489 1226 3564 perveniat.

121 3572 240 3630 Secreto.

121 3652 249 3710 Purifica
276 3671 339 3724 nos,
366 3651 529 3709 misericors
557 3650 648 3721 Deus,
674 3656 709 3707 ut
738 3650 863 3708 ecclesiae
891 3655 950 3706 tuae
977 3669 1085 3725 preces,
1111 3669 1177 3725 qua
1205 3650 1262 3706 tibi

75 3738 148 3865 gata
156 3740 227 3791 sunt
239 3734 289 3811 pia
303 3753 426 3791 munera
439 3733 612 3805 deferentes,
623 3732 698 3788 fiant
712 3732 838 3807 expiatis
852 3730 1001 3788 mentibus
1014 3731 1165 3808 gratiores.
1203 3731 1264 3788 Per

101 3833 230 3872 ominum.

127 3894 300 3953 dominacio.

129 3973 178 4032 Pot
166 3982 227 4034 tum
242 3997 340 4034 meum
354 3995 421 4033 cum
435 3975 508 4033 fletu
522 3975 729 4068 temperabam,
745 3973 814 4050 quia
827 3973 945 4031 elevans
959 3973 1076 4030 allisisti
1093 3992 1150 4045 me,
1164 3980 1194 4031 et
1208 3994 1261 4050 ego

88 4049 258 4114 sicutfaenum
273 4058 357 4114 arui.
382 4064 417 4114 tu
430 4062 538 4128 autem,
554 4056 714 4127 Domine,
706 4076 739 4112 ιιι
752 4060 894 4112 aeternum
909 4074 1080 4131 permanes3
1108 4061 1144 4112 tu
1160 4075 1260 4112 exsur-

91 4148 141 4204 gens
150 4138 324 4196 misereberis
338 4138 429 4209 Sion3
450 4137 520 4213 quia
533 4137 617 4194 venit
630 4143 747 4213 tempus
762 4136 957 4194 miserendis
932 4155 1003 4212 e.Jus

136 4231 357 4296 Poateommanio.

136 4310 240 4393 Largire
262 4318 394 4376 sensibus
414 4322 481 4374 nost
485 4317 531 4385 ris,
546 4316 730 4392 omnipotens
751 4314 840 4387 Deus,
856 4320 892 4372 ut
911 4335 964 4392 per
977 4315 1169 4391 temporalem
1190 4314 1260 4371 Filii

91 4388 126 4444 tui
135 4404 251 4472 mortem,
266 4418 356 4475 quam
369 4399 511 4474 mysteria
525 4396 692 4455 veneranda
706 4402 863 4472 testantur,
878 4397 972 4456 vitam
992 4402 1023 4454 te
1043 4397 1127 4454 nobis
1148 4395 1259 4453 dedisse

89 4480 231 4545 umnam
245 4479 431 4538 confidamus
475 4479 534 4537 Per
547 4478 679 4537 eundem.
