2926 4996
200 358 220 419 2
580 349 764 414 Dominica
777 349 807 413 I.
823 348 1006 412 Adventus.

259 519 452 594 Euanpelium
465 518 624 575 secundum
637 516 811 573 Mattianum
825 515 899 592 (uni.
919 515 992 592 1-9)

259 600 299 657 In
312 600 364 656 illo
384 608 524 674 tempore,
541 598 616 655 Cum
632 597 895 672 appropinquasset
911 595 932 653 J
933 614 998 654 esus
1019 592 1237 670 Hierosolymis
1258 618 1352 673 usque
1366 599 1403 655 ad

200 682 387 754 Benedictus,
402 682 454 756 qui
467 679 551 736 venit
569 678 601 735 iu
614 679 734 735 nomine
748 677 877 734 Domini

262 761 363 819 Credo.

263 842 453 916 Offertorium.

260 923 313 981 Ad
332 930 372 995 te,
395 922 532 992 Domine,
553 920 650 978 levavi
669 920 799 977 animam
819 938 935 976 meam:
958 919 1040 976 Deus
1060 936 1151 988 meus,
1174 922 1208 978 in
1229 927 1260 979 te
1282 922 1403 993 confido,

201 1024 262 1062 non
276 1004 463 1061 erubescam:
483 1021 578 1076 neque
593 1001 735 1058 irrideant
748 1021 795 1058 me
808 1000 922 1056 inimici
936 1001 1002 1072 mei,
1019 1001 1129 1057 etenim
1147 1003 1283 1060 universi
1305 1004 1356 1080 qui
1376 1011 1405 1060 te

202 1090 360 1162 expectant
374 1104 435 1141 non
449 1083 674 1140 confundentur.

330 1175 382 1222 eta.

262 1164 339 1303 {ige
359 1265 440 1302 sacia
459 1264 521 1315 nos,
536 1243 673 1314 Domine,
688 1243 803 1318 potenti
816 1241 928 1298 virtute
947 1242 1111 1316 mundatos,
1126 1244 1163 1301 ad
1185 1264 1273 1302 suum
1294 1245 1403 1303 faciant

203 1327 336 1404 puriores
348 1326 450 1382 venire
463 1325 651 1401 principium,
666 1323 828 1380 Dominum
842 1328 976 1379 nostrum
990 1322 1012 1380 J
1013 1343 1094 1382 esum
1109 1325 1271 1383 Christum.

267 1407 445 1466 Communia

265 1488 413 1544 Dominus
426 1487 509 1543 dabit
521 1486 736 1563 benignitatem
749 1506 755 1542 :
776 1491 807 1542 et
820 1491 899 1542 tenu
912 1489 1012 1542 nostra
1026 1486 1109 1543 dabit
1121 1486 1254 1544 fructum
1268 1508 1363 1547 suum.

264 1568 507 1626 Posteommunio.

267 1649 472 1724 suscipiamus,
488 1648 625 1718 Domine,
639 1646 866 1703 misericordiam
887 1651 971 1702 tuam
991 1647 1023 1703 in
1044 1648 1139 1705 medio
1160 1649 1266 1724 templi
1287 1650 1355 1710 tui:
1377 1658 1406 1708 et

204 1729 398 1806 reparationis
417 1735 525 1785 nostrae
546 1734 673 1784 ventura
692 1727 844 1784 sollemnia
865 1727 1000 1803 congruis
1019 1727 1180 1786 honoribus
1199 1731 1405 1807 praecedumus.

208 1811 267 1868 Per
280 1810 451 1868 Dominum.

664 1931 763 1987 Fran
791 1929 943 1988 Succusa

191 2095 193 2098 ψ
268 2051 407 2126 Officium.
451 2049 503 2106 Aa
517 2055 547 2106 te
561 2048 665 2106 levavi.

188 2174 192 2181 ,
266 2135 314 2191 Ps.
358 2132 433 2188 Vias
451 2137 526 2201 tuas,
542 2129 677 2186 Domine.
876 2195 879 2199 .

265 2212 374 2270 Statim
386 2212 517 2286 sequitur
538 2211 640 2267 Gloria
661 2210 752 2266 Patri.
796 2209 909 2268 Deinde
928 2220 1075 2286 repetatur
1092 2212 1233 2287 Officium,
1256 2217 1335 2290 quod
1352 2237 1408 2292 per

206 2304 297 2353 totum
318 2314 432 2351 annum
452 2293 611 2349 observetur
631 2291 664 2347 in
685 2291 765 2349 omni
784 2289 906 2348 Seruitia
926 2293 1016 2350 trium
1030 2293 1207 2366 Lectionum,
1224 2296 1282 2354 siae
1297 2296 1408 2359 otuu

205 2377 316 2450 rapitur
329 2376 385 2432 sire
399 2394 466 2445 non,
483 2382 544 2430 tam
560 2375 594 2430 cte
613 2372 778 2447 Temporati
798 2393 888 2447 quam
903 2374 938 2430 de
953 2373 1046 2431 Fastis
1065 2374 1249 2447 Sanctorum,
1265 2387 1345 2435 senta
1362 2379 1408 2436 du

205 2478 225 2513 a
252 2456 414 2512 Natiuitate
444 2454 567 2511 Domini
598 2462 717 2527 eucepta.
777 2453 887 2510 Tamen
914 2454 1059 2511 omittitur
1086 2455 1187 2513 Gloria
1215 2457 1302 2515 Patri
1325 2459 1409 2535 infra

205 2537 382 2607 Passionem,
397 2544 423 2592 et
439 2535 473 2591 in
486 2534 587 2590 Missis
595 2554 652 2607 pro
666 2533 828 2607 Desunetis,
844 2544 878 2591 ut
896 2555 987 2609 supra
1000 2536 1034 2592 in
1047 2535 1203 2595 Dominicu
1215 2548 1346 2598 notatim

267 2617 375 2674 Oratio.
408 2615 527 2684 Excita
540 2614 678 2682 Domine,
692 2615 864 2688 potentiam,
875 2625 909 2671 ut
923 2636 1020 2691 supra.
1053 2616 1096 2674 Et
1109 2619 1251 2677 dicuntur
1264 2622 1409 2680 rurnorire

205 2699 239 2754 de
254 2697 384 2754 Domina
398 2705 423 2752 et
437 2695 570 2752 omnibus
580 2693 695 2751 Sanctis
705 2715 769 2767 quae
780 2695 906 2752 dicenda
919 2706 989 2754 sunt
999 2697 1123 2772 sinpulis
1133 2699 1232 2758 diebus
1242 2701 1410 2760 Ferialibus

204 2778 348 2852 usquead
364 2776 500 2849 Vipitiam
510 2775 685 2831 Natiuitatis
701 2775 843 2834 Domini:
864 2777 947 2851 infra
963 2777 1085 2836 Octavus
1100 2800 1165 2837 roro
1178 2782 1273 2839 suncti
1282 2780 1410 2841 Andria

200 2868 268 2934 post
281 2858 449 2914 memmium
466 2857 500 2912 de
519 2856 649 2912 Domina
661 2859 721 2930 fiat
741 2857 776 2912 de
789 2876 819 2913 co
833 2859 971 2915 niemoria
983 2883 992 2917 :
1014 2860 1099 2916 tertia
1114 2880 1171 2935 pro
1186 2863 1319 2938 pacaret
1336 2865 1408 2937 alm,

193 2933 291 3014 ¹prout
317 2937 471 2996 Succentor
498 2937 645 3010 assipnarc
672 2936 816 3006 uoluerit;
850 2949 959 3012 quarta
986 2941 1175 2998 conciudatur
1208 2944 1244 3001 de
1274 2945 1411 3004 omnibus

205 3019 329 3090 Sanctis,
345 3040 409 3093 quse
422 3019 561 3075 memoria
575 3038 684 3092 semper
697 3018 751 3074 erit
764 3018 877 3077 ultima.

266 3100 407 3175 Epistola.
452 3098 583 3155 Scientes
596 3100 667 3174 quia
679 3099 753 3155 hora
770 3104 821 3157 est.

237 3193 239 3197 ’
266 3180 399 3238 Grcdal.
428 3179 595 3238 -Universi

271 3262 300 3320 V.
343 3261 418 3317 Vias
431 3266 504 3317 tuas.

195 3357 197 3362 '
265 3343 335 3401 Non
350 3350 496 3416 repetatur
514 3340 640 3398 Gradatc
654 3352 722 3416 post
742 3364 830 3401 suum
850 3341 989 3401 Versum:
1014 3345 1092 3418 quod
1107 3365 1161 3420 per
1181 3355 1274 3406 totum
1293 3369 1410 3407 annum

205 3426 364 3482 observetur
376 3423 410 3479 in
424 3422 504 3479 omni
516 3421 639 3479 Seruitia
654 3424 746 3480 trium
763 3424 942 3494 Lectionum,
959 3433 1020 3480 tam
1034 3427 1068 3482 cte
1087 3425 1251 3502 l'emporali
1270 3449 1361 3504 quam
1374 3432 1409 3488 dc

203 3505 296 3563 Festis
319 3503 502 3573 Sanctorum,
528 3504 646 3577 quando
670 3504 812 3579 Alleluya
835 3505 966 3579 sequitur
989 3506 1033 3562 cei
1057 3507 1187 3578 Tractus,
1214 3509 1272 3567 sire
1297 3509 1409 3569 otonis

203 3587 314 3661 rapitur
334 3585 390 3642 sice
410 3604 478 3654 non,
494 3593 572 3640 senta
588 3584 635 3640 etio
651 3604 671 3639 o
689 3584 852 3641 Natiuitate
865 3585 989 3642 Domini
1009 3597 1121 3662 excepta
1133 3612 1142 3646 :
1172 3609 1223 3647 nec
1243 3591 1277 3647 in
1297 3590 1407 3664 Missis,

205 3688 268 3740 quoe
288 3668 322 3724 in
339 3665 474 3741 Capitale
495 3665 635 3721 dicuntur
648 3665 682 3720 in
696 3664 860 3722 Dominicis
876 3675 902 3722 et
922 3667 956 3723 in
971 3669 1200 3742 processionibus
1216 3691 1251 3728 ac
1267 3672 1356 3730 etiam
1375 3673 1410 3730 in

204 3747 300 3804 Feriis
315 3747 460 3817 Quattuor
472 3746 653 3822 Tenuporum,
666 3745 699 3801 in
713 3746 818 3820 quibus
833 3745 978 3805 Gradaiia
991 3769 1055 3823 qua
1062 3751 1233 3825 praecedunt
1243 3751 1410 3829 Epistulam

205 3828 337 3884 similiter
350 3849 410 3885 non
423 3837 599 3902 repetuntur.

265 3908 414 3982 Alleluya
465 3909 494 3967 V.
537 3907 667 3965 Ostende
681 3907 774 3965 nobis.

264 3988 336 4045 Post
362 3988 481 4046 Versum
494 3997 648 4064 repetatur,
663 3987 812 4064 Alleluya.

197 4104 198 4108 =
264 4068 394 4126 Initium
426 4067 528 4148 Sancti
561 4069 715 4143 Dranpeiii
747 4071 906 4128 secundum
939 4071 1079 4130 Marcum
1113 4073 1148 4153 (i.
1186 4075 1261 4152 2-8).
1323 4077 1407 4136 Sicut

206 4149 355 4225 Scriptum
369 4155 413 4206 est
427 4150 459 4205 in
474 4150 561 4206 Esaia
575 4150 725 4226 Propheta
738 4172 828 4226 usque
842 4152 883 4208 ad
900 4153 1063 4229 baptizabit
1080 4175 1132 4212 vos
1151 4155 1267 4231 Spiritu
1287 4157 1405 4231 Sancto,

204 4240 230 4288 et
244 4240 342 4300 cetera,
358 4239 392 4286 ut
405 4230 439 4286 in
452 4229 615 4288 Dominica.

263 4310 304 4368 ,u
323 4312 486 4368 notandum
506 4319 552 4381 est,
568 4313 646 4385 quod
665 4313 692 4370 si
711 4313 745 4369 in
765 4322 873 4387 quarta
891 4314 935 4370 cei
946 4323 1025 4372 senta
1041 4316 1130 4374 Faria
1146 4318 1267 4393 aliquod
1287 4320 1406 4380 Festum

195 4392 358 4466 ¹'contipcrit
373 4392 451 4448 uncte
464 4392 535 4465 fieri
548 4393 644 4449 debeat
657 4392 823 4464 Servitium,
839 4402 908 4451 tuuc
921 4394 1056 4470 Epistola
1070 4408 1095 4455 ct
1109 4399 1303 4474 Deanpetium
1324 4403 1406 4461 dictae

201 4473 294 4532 Feriae
308 4473 366 4532 alio
380 4473 426 4532 dic
440 4472 581 4549 loquutur,
594 4473 697 4531 scilicet
711 4473 844 4549 Epistola
857 4483 883 4533 et
897 4475 1091 4552 Eranpeiium
1105 4481 1138 4538 de
1152 4490 1260 4556 quarta
1271 4483 1361 4543 Faria
1374 4483 1406 4542 in
