2926 4996
538 367 562 430 I
563 389 586 430 n
603 367 866 432 Oirenmcisione
880 367 1035 433 Domini.

560 559 599 616 In
621 559 865 619 Oiscuucrsmun
886 559 1016 619 Douma

245 690 294 748 Aa
308 689 440 746 Missam.
486 686 624 762 Officium.
669 687 749 746 Puer
761 695 859 761 natus,
875 697 909 746 nt
922 689 957 746 in
970 689 1016 747 die
1030 688 1214 749 Natiuitatis.

249 771 357 829 Oratio.

247 852 342 921 Deus,
351 850 405 925 qui
418 849 502 907 nobis
515 849 579 905 nati
594 848 756 906 Salvatoris
770 850 848 907 diem
863 851 1008 909 celebrare
1022 852 1155 910 concedis
1170 858 1312 911 octavum
1322 873 1331 927 ;
1342 855 1395 912 'faa

187 954 248 1005 nos,
271 950 446 1009 quaesumus,
470 930 533 1005 ejus
555 936 697 1005 perpetua
721 930 888 988 Divinitate
912 932 1031 1004 muniri,
1055 934 1139 1009 cujus
1161 953 1264 992 sumus
1286 936 1395 993 carnali

187 1013 360 1078 commercio
374 1011 509 1088 reparati
555 1010 615 1080 Qui
628 1017 727 1068 tecum
741 1012 818 1069 vivit
831 1020 862 1069 et
878 1018 988 1090 regnat

247 1094 343 1152 nialla
349 1096 409 1167 flat
422 1091 568 1149 memoria.

247 1174 389 1251 Epimeni,
408 1173 556 1248 Apparuit
571 1173 674 1248 gratia.
1337 1225 1340 1228 .

250 1255 384 1324 Gradalr,
400 1253 558 1310 Viderunt.
602 1253 751 1329 Alleluya.
801 1255 829 1311 V.
853 1254 925 1312 Dies
939 1254 1145 1328 sanctificatus,
1161 1266 1196 1314 nt
1214 1277 1314 1333 snpra.

249 1335 411 1411 Sequentia.
456 1334 666 1406 Laetabnndus,
682 1355 777 1409 qnare
791 1335 825 1391 in
838 1334 944 1393 Natali
958 1337 1088 1394 Domini.

249 1417 416 1476 siccandam
429 1414 542 1472 Lacum
556 1414 604 1489 (ii.
623 1415 686 1492 21).

250 1500 290 1556 in
311 1497 363 1553 illo
387 1502 526 1570 tempore,
543 1495 706 1571 Postquam
728 1497 924 1554 consummati
945 1503 1015 1554 sunt
1037 1498 1099 1556 dies
1121 1504 1196 1572 octo,
1217 1505 1254 1557 ut
1275 1501 1398 1559 circum-

190 1581 336 1638 cideretur
356 1596 449 1652 puer:
475 1582 613 1633 vocaturn
635 1583 681 1634 est
702 1596 811 1634 nomen
833 1578 896 1653 ejus
917 1577 1014 1652 Jesus,
1035 1579 1114 1654 quod
1132 1587 1272 1638 vocatum
1295 1588 1340 1640 est
1362 1583 1399 1640 ab

191 1661 303 1738 angelo,
323 1659 495 1734 priusquam
509 1657 541 1713 in
555 1664 639 1714 utero
654 1659 863 1734 conciperetur.

253 1741 355 1798 Crede.

253 1820 444 1894 Offertoriam.
489 1818 547 1874 Tui
560 1825 630 1876 sunt
644 1819 713 1876 cael'n

252 1902 372 1960 Secreta.

252 1984 372 2052 Praesta,
388 1999 563 2056 quaesumus
578 1980 715 2051 Domine,
732 1986 767 2037 ut
786 2000 840 2056 per
859 1981 921 2039 haec
941 2001 1066 2041 munera
1083 2003 1148 2061 quae
1162 1983 1288 2042 Domini
1308 1989 1403 2045 nostri

191 2067 266 2124 Jesu
294 2063 407 2121 Christi
433 2081 547 2118 arcanae
575 2062 742 2119 nativitatis
769 2063 910 2138 mysterio
936 2064 1073 2139 gerimus,
1104 2065 1265 2142 purificatae
1294 2069 1403 2126 mentis

192 2144 420 2221 intelligentiam
435 2162 654 2219 consequamur.
699 2143 757 2199 Per
770 2143 904 2201 eundem.

253 2225 402 2300 Praefatio
448 2223 525 2293 Quia
539 2244 590 2300 per
604 2225 757 2282 incarnati.
801 2224 1067 2284 Communicantes

255 2305 433 2379 Communia.
478 2304 631 2362 Viderunt
645 2324 751 2362 omnes,

255 2386 496 2446 Postmmmanio.

255 2470 377 2540 Praesta,
407 2486 582 2543 quaesumus,
611 2466 797 2542 omnipotens
825 2467 916 2540 Deus,
944 2473 980 2525 ut
1007 2469 1086 2544 quod
1118 2470 1281 2529 Salvatoris
1309 2474 1406 2532 nostri

194 2551 301 2608 iterata
331 2549 517 2607 solemnitate
548 2547 738 2622 percepimus
767 2556 916 2624 perpetuae
943 2549 1029 2607 nobis
1062 2550 1234 2610 salvationis
1272 2553 1406 2613 conferat

195 2632 378 2688 medicinam.
431 2629 490 2685 Per
510 2628 643 2685 eundem.

545 2771 585 2828 Iu
607 2770 732 2828 Ocrnvn
753 2787 858 2829 sanem
880 2772 1045 2833 Surenam.

257 2935 307 2992 An
320 2935 452 2992 Missam.
498 2933 637 3008 Officium.
681 2933 801 2990 Etenim
816 2935 963 2994 sederunt.

259 3017 367 3073 Oratio.
412 3014 460 3071 Da
473 3015 567 3085 nobis,
581 3033 755 3090 quaesumus.

260 3095 316 3176 [Ab
332 3097 439 3154 Octava
458 3095 632 3152 Natiuitatis
645 3095 769 3152 Domini
786 3117 875 3170 usqae
893 3099 934 3154 ad
947 3098 1187 3172 anficationem
1203 3102 1334 3174 qnotidie
1346 3107 1409 3178 fiat

199 3178 337 3236 natatoria
351 3179 385 3234 de
398 3176 529 3233 Domina
543 3197 609 3233 cnm
625 3175 761 3233 Oratione
775 3176 857 3234 Deus
871 3178 923 3254 qui
937 3178 1047 3236 salutis.

258 3259 408 3316 Memoriae
422 3259 455 3314 da
470 3266 566 3314 sancto
580 3257 715 3316 Joltanna
729 3267 754 3314 et
769 3259 803 3314 de
816 3257 1137 3318 Innocentiam—MS.
1154 3260 1207 3342 D.]

259 3339 400 3415 Epistola,
418 3338 552 3409 Oradnie,
568 3346 594 3394 et
608 3347 697 3395 catera
711 3347 745 3394 at
759 3359 856 3414 snpra.
903 3339 1028 3397 Gradale
1041 3362 1102 3398 non
1114 3352 1267 3418 repetatur.

261 3420 453 3494 Offertorinm.
498 3418 660 3494 Elegerunt
681 3420 821 3494 Apostoli
843 3420 1027 3496 Stephanum
1049 3422 1185 3480 Levitam
1205 3425 1328 3501 plenum
1349 3427 1410 3486 fide

198 3509 231 3561 et
239 3503 353 3579 Spiritu
363 3502 471 3558 Sancto
486 3519 572 3574 quem
586 3499 795 3574 lapidaverunt
803 3499 825 3557 J
826 3501 903 3557 udaei
917 3507 1051 3559 orantem
1066 3509 1096 3560 et
1109 3503 1265 3579 dicentem,
1277 3507 1409 3567 Domine

200 3585 221 3642 J
223 3604 283 3652 esu,
297 3583 394 3658 accipe
408 3581 545 3658 spiritum
559 3599 665 3636 meum.
707 3580 855 3657 Allelnya.

261 3664 360 3721 Initia
374 3663 489 3721 Octavia
504 3661 598 3719 sancti
615 3660 756 3735 Stephani
773 3670 798 3718 et
816 3671 982 3720 sanctornm
1001 3663 1205 3724 Innocentium
1222 3688 1283 3726 nan
1296 3670 1410 3729 dieimr

201 3745 351 3819 Prafatio,
367 3745 428 3802 nisi
442 3742 609 3813 coimmunis,
625 3743 739 3799 etiarnsi
753 3743 1019 3819 Dominicafaerit.

263 3824 441 3884 Communia.
485 3824 583 3881 Video
605 3823 696 3881 caelos.
745 3823 781 3880 Si
803 3824 960 3883 Dominica
983 3828 1029 3897 sit,
1051 3826 1177 3887 Gratiam
1193 3839 1261 3905 post
1289 3831 1411 3891 Versum

201 3916 354 3982 repetatur.
398 3905 572 3963 Notandum
593 3906 672 3979 qaod
693 3904 727 3960 in
747 3904 794 3961 leia
817 3906 908 3963 tribas
927 3906 1041 3964 Octavia
1061 3911 1102 3966 ad
1123 3910 1256 3982 Missam,
1274 3912 1412 3988 Officimn

200 3997 268 4044 ante
288 3986 388 4044 Gloria
409 3987 497 4043 Patri
518 4007 578 4044 non
599 3986 1048 4063 repetatur,nac(1¹radalepoat
1071 3989 1188 4048 Versum
1196 4012 1209 4061 ;
1230 4013 1281 4051 nec
1298 3994 1413 4053 dicitur

202 4067 365 4142 Sapientia,
379 4087 430 4124 nec
444 4066 546 4140 Credo,
562 4067 622 4124 nisi
634 4067 668 4123 in
681 4067 840 4125 Dominica
852 4071 955 4127 eadem
970 4070 1081 4127 Octava
1095 4072 1244 4133 evenerint.

464 4223 504 4279 In
525 4223 651 4281 Ocravn
672 4239 779 4281 sanem
799 4224 821 4281 J
824 4240 958 4282 onlnms
979 4226 1142 4285 Arosrom.

265 4345 404 4419 Officium
448 4344 488 4401 In
501 4346 604 4404 medio.
650 4346 759 4418 Oratio,
779 4347 919 4422 Epistola,
943 4345 1077 4420 Oradaia,
1096 4358 1122 4406 at
1145 4350 1242 4421 cetera,
1261 4360 1296 4408 nt
1318 4372 1413 4429 snpra

203 4428 237 4484 in
261 4428 315 4498 die,
342 4446 373 4483 eo
398 4435 493 4483 tamen
520 4428 604 4484 modo
631 4448 688 4501 qao
712 4447 803 4503 supra
826 4427 860 4484 in
885 4427 992 4485 Octava
1016 4430 1110 4486 sancti
1132 4429 1281 4506 Stmlmni,
1301 4443 1413 4510 prater·

203 4507 411 4584 Praefationem
425 4528 488 4582 qum
502 4507 565 4580 erit,
582 4507 623 4564 Et
637 4516 668 4565 te
682 4509 817 4582 Domine,
833 4508 1005 4584 suppliciter
1018 4529 1179 4570 exoramus.
