2926 4996
446 381 472 444 I
469 404 492 446 a
508 381 601 445 Festo
616 380 726 446 coacte⁸
741 379 914 465 Stephani.
1247 384 1285 443 21

80 548 284 620 adolescentis,
308 547 361 624 qui
381 549 543 607 vocabatur
566 548 679 606 Saulus.
743 549 785 605 Et
811 547 984 624 lapidabant
1008 547 1190 624 Stephanum
1214 547 1295 604 inve

80 637 209 700 cantem,
232 635 262 686 et
284 629 438 698 dicentem,
462 629 592 687 Domine
614 630 698 699 Jesu,
721 629 834 705 suscipe
858 629 997 705 spiritum
1021 648 1127 686 meum.
1185 627 1294 685 Positis

80 717 182 767 curtem
196 711 328 786 genibus,
345 709 482 766 clamavit
496 730 567 767 voce
581 730 697 787 magna,
712 710 820 781 dicens,
836 709 972 778 Domine,
986 728 1024 767 ne
1038 715 1151 767 statuas
1165 709 1224 766 illis
1238 708 1293 765 hoc

80 797 243 867 peccatum.
287 791 329 847 Et
343 810 410 848 cum
423 791 478 848 hoc
491 791 624 863 dixisset,
640 791 821 848 obdormivit
834 791 867 847 in
881 791 1018 848 Domino.

144 886 230 968 [Trea
243 888 371 946 Dioconi
385 897 498 946 cuntant
511 889 545 946 a'a
559 888 677 964 pulpito
691 889 725 945 ia
740 888 831 964 Cupis
844 887 1057 971 seriola—MS.
1074 884 1127 967 1).]

143 986 291 1124 dedddiit
304 1066 450 1142 principes
464 1072 494 1123 et
508 1067 664 1123 adversum
677 1086 724 1123 me
738 1068 953 1142 loquebantur:
982 1073 1013 1123 ct
1030 1066 1127 1142 iniqui
1148 1065 1295 1141 persecuti

80 1154 283 1304 llintriildjuva
307 1247 362 1300 me,
383 1228 511 1285 Domine
526 1229 608 1286 Deus
632 1249 733 1286 meus:
762 1229 877 1285 salvum
901 1247 948 1285 me
971 1227 1018 1284 fac
1041 1233 1162 1305 propter
1182 1226 1292 1283 miseri-

80 1310 213 1367 cordiam
229 1315 320 1368 tuam.

144 1387 269 1470 [Deinde
283 1410 303 1447 a
317 1391 404 1447 turbo
416 1391 450 1446 ia
463 1391 557 1447 acedia
573 1388 662 1449 Obori
675 1390 898 1447 dicatur—MS.
916 1387 968 1469 D]

105 1553 112 1563 ·
143 1471 292 1608 Allelpya.
342 1471 372 1529 V.
415 1470 513 1528 Video
534 1470 619 1528 caelos
643 1478 777 1547 apertos:
808 1477 839 1528 et
859 1471 966 1528 «lesum
990 1476 1119 1528 stantem
1141 1489 1159 1526 a
1180 1467 1293 1525 dextris

79 1558 207 1610 v1rtut1s
252 1572 287 1610 e1.

142 1666 299 1741 Sequentia
320 1663 353 1745 [u
366 1666 498 1723 Dinaeae
512 1666 791 1741 incapacium—MS.
808 1664 861 1746 D]

164 1747 294 1824 Magnus
309 1747 391 1803 Deus
404 1746 437 1802 in
451 1746 588 1804 universa
601 1752 688 1819 terra,

165 1828 277 1904 Magna
294 1833 365 1885 sunt
379 1828 442 1902 ejus
456 1828 565 1903 ubique
580 1829 679 1884 omnia
692 1828 725 1884 in
739 1828 808 1884 caelo
823 1833 911 1904 atqua
924 1827 958 1883 in
972 1834 1051 1883 terra
1066 1845 1171 1901 opera:

165 1909 225 1977 Qui
239 1915 284 1965 est
298 1908 366 1965 Rex
380 1928 491 1984 regum,
503 1909 651 1965 Dominus
665 1909 805 1976 omnium,
815 1929 833 1966 a
847 1908 936 1965 Patre
949 1907 1067 1984 genitus
1080 1912 1151 1963 ante
1165 1905 1291 1963 saccula:

166 1990 258 2065 (lujus
272 1990 378 2047 caritas
391 2009 462 2046 vera
475 1990 545 2046 caelo
559 1989 694 2046 sublevat
709 1990 892 2065 Stephanum
906 1989 942 2046 de
956 1994 1044 2059 terra,

164 2072 268 2146 Atque
281 2071 405 2146 perenni
418 2071 482 2127 vita
495 2077 582 2126 ornat
596 2070 720 2127 candida
728 2070 864 2146 ¹digniter
878 2088 991 2127 corona.

165 2151 276 2208 Plenus
290 2151 370 2208 enim
384 2151 550 2226 Stephanus
565 2149 705 2208 Deitate'l',
716 2157 805 2226 atque
820 2149 916 2226 gratia

165 2233 278 2309 Magna
290 2232 381 2289 dabat
394 2231 535 2308 prodigia,
551 2232 657 2289 docens
671 2232 823 2288 verissima
836 2232 983 2307 dogmata.

166 2313 242 2370 Cum
256 2318 357 2370 autem
370 2312 542 2388 praedicaret
558 2313 623 2389 jam
637 2312 793 2389 praesentia

165 2393 284 2451 Nostrae
299 2394 510 2470 redemptionis
523 2413 601 2452 nova
614 2394 740 2470 gaudia;

165 2475 290 2532 Intento
304 2475 337 2531 in
350 2494 477 2550 superna
490 2474 554 2531 caeli
568 2480 650 2550 patet
663 2476 763 2551 janua,

164 2555 312 2631 Dixitque
326 2555 530 2612 circumstanti
543 2555 622 2631 plebi
635 2576 706 2613 voce
720 2555 845 2631 publica,
861 2575 943 2612 sacra
956 2556 1060 2631 plenus
1074 2553 1188 2632 gratia,

165 2636 239 2693 Ecce
254 2636 312 2692 Dei
326 2636 412 2693 video
426 2636 628 2693 admirabilem
642 2636 766 2712 gloriam
780 2636 914 2693 claritate
927 2636 1048 2714 fulgida,

163 2719 268 2793 Atque
282 2716 304 2773 J
305 2736 387 2774 esum
401 2723 529 2774 stantem
543 2717 576 2774 in
589 2717 711 2774 virtutis
726 2717 784 2773 Dei
798 2717 926 2774 dextera.

165 2798 205 2854 Et
219 2817 287 2855 cum
301 2798 356 2854 hoc
370 2796 498 2854 audisset
511 2797 603 2874 impia
621 2817 691 2874 gens
706 2798 727 2855 J
729 2797 841 2869 udaica,

163 2879 248 2936 Dans
261 2878 414 2936 fremitum
428 2879 543 2935 concita
556 2884 676 2955 quassat
689 2878 837 2954 lapidibus
852 2878 995 2954 Stephani
1009 2880 1159 2936 membra:

164 2959 221 3017 Sed
244 2965 305 3017 stat
326 2959 443 3016 fortiter
466 2959 582 3034 patiens
606 2965 720 3034 martyr
744 2964 774 3016 et
797 2966 883 3032 orat,
912 2959 961 3016 Ne
975 2959 1025 3032 eis,
1043 2960 1168 3031 Christe,
1183 2973 1292 3013 noxam

244 3046 366 3111 statuas,
382 3039 433 3096 sed
442 3041 506 3116 jam
520 3042 618 3115 accipe
632 3040 771 3116 spiritum
785 3059 902 3097 meum:

163 3121 286 3178 Etcum
300 3121 356 3178 hoc
369 3120 502 3191 dixisset,
516 3121 550 3177 in
564 3121 693 3177 Domino
707 3121 888 3178 obdormivit
900 3140 970 3196 pace
984 3128 1114 3194 aeterna3

163 3202 211 3258 Tu
224 3209 255 3259 et
268 3202 352 3259 nobis
365 3207 487 3278 martyr,
505 3201 531 3258 Ο
547 3202 705 3278 Stephane,
720 3201 898 3276 sempiterna
911 3202 1037 3279 impetra
1055 3201 1169 3281 gaudia.

142 3349 311 3407 ›S'ecumluau
323 3350 363 3406 M
360 3349 498 3407 attlaaeum
511 3350 611 3427 (axelii.
629 3351 743 3429 34-39).

143 3431 183 3487 In
195 3430 248 3487 illo
262 3436 403 3507 tempore,
419 3431 508 3487 Dixit
520 3432 609 3489 lesus
631 3432 727 3489 turbis
749 3432 921 3489 «ludaeorum
946 3438 976 3490 et
998 3433 1180 3508 principibus
1202 3451 1292 3490 sacer-

78 3512 192 3569 dotum.
250 3510 325 3568 Ecce
353 3531 405 3587 ego
430 3512 518 3569 mitto
542 3513 579 3569 ad
607 3533 659 3569 vos
686 3512 845 3588 prophetas
871 3534 961 3588 aspare
988 3516 1029 3571 ad
1058 3513 1148 3570 donec
1177 3512 1289 3586 dicatis,

79 3592 269 3664 Benedictus,
287 3593 340 3667 qui
352 3592 437 3650 venit
450 3593 484 3649 in
497 3592 617 3651 nomine
634 3594 764 3651 Domini.

144 3672 247 3730 Credo,

143 3768 338 3844 offertorium.

140 3851 180 3907 In
201 3851 315 3908 virtute
333 3857 395 3922 tua,
419 3852 556 3923 Domine,
582 3853 733 3910 laetabitur
750 3855 859 3928 justus,
884 3860 914 3910 et
938 3873 1027 3928 super
1050 3853 1179 3912 salutare
1199 3860 1288 3913 tuum

79 3931 228 3989 exrrltabit
241 3932 449 3990 vehementer:
470 3933 648 3990 desiderium
664 3934 769 3990 animae
784 3935 848 4010 ejus
862 3934 995 3991 tribuisti
1008 3934 1042 3992 ci

141 4026 261 4085 Secreta.

141 4107 270 4185 Suscipe,
285 4107 422 4180 Domine,
437 4128 561 4166 munera
580 4128 633 4184 pro
653 4110 747 4166 sancti
767 4110 1043 4168 commemoratione
1063 4112 1288 4187 protomartyris

83 4189 128 4246 tui
141 4188 293 4266 Stephani,
310 4194 345 4246 ut
358 4189 435 4247 sicut
454 4189 541 4247 illum
558 4190 653 4265 passio
671 4190 760 4247 efficit
781 4189 948 4266 gloriosum,
966 4210 1020 4249 nos
1043 4191 1161 4249 devotio
1184 4193 1288 4250 reddat

84 4269 229 4327 innocuos.
272 4270 332 4327 Per
348 4269 519 4329 Dominum.

143 4349 290 4426 Praefatio.
335 4350 413 4421 Quia
425 4369 478 4428 per
491 4351 646 4409 incarnati.
688 4350 955 4411 Communicantes.

547 4530 560 4553 ¹
580 4528 777 4578 Verium-MS.
788 4528 820 4579 D.
