2926 4996
379 315 382 322 ’
443 361 665 429 retemtas
679 361 719 429 a.
740 362 1018 448 oaaaaaaaaa

595 579 697 639 Fama
718 579 872 642 Securos

193 677 335 754 Officium.

192 760 282 833 Deus,
296 760 329 817 in
342 759 463 818 nomine
476 764 530 817 tuo
544 758 659 817 salvum
677 779 725 818 me
746 760 812 819 lac:
845 765 876 818 et
897 759 930 817 in
943 759 1056 818 virtute
1076 765 1131 819 tua
1147 759 1252 836 judica
1272 780 1320 820 me
1329 779 1339 834 3
1420 769 1423 775 '

127 841 214 901 Deus
229 841 338 899 exaudi
355 841 519 900 orationem
533 860 637 899 meam.

192 923 338 980 Paclmua.

193 1003 340 1074 Quoniam
358 1001 448 1060 alieni
466 1003 694 1061 insurrexerunt
714 1002 871 1060 adversum
893 1022 961 1062 me:
994 1008 1024 1060 et
1045 1002 1136 1060 fortes
1158 1003 1338 1079 quaesierunt

129 1085 261 1144 animam
275 1103 379 1157 meam,
395 1089 425 1140 et
439 1103 501 1142 non
513 1090 730 1162 proposuerunt
744 1083 844 1141 Deum
856 1089 927 1141 ante
940 1092 1129 1159 conspectum
1147 1103 1240 1142 suum

193 1165 303 1224 Oratio.

192 1246 314 1318 Praesta,
329 1265 504 1321 quaesumus,
520 1245 706 1321 omnipotens
728 1246 819 1318 Deus,
838 1251 874 1302 ut
896 1245 1114 1303 observationes
1130 1265 1225 1302 sacras
1238 1265 1338 1304 annua

130 1327 287 1386 devotione
301 1326 469 1398 recolentes,
481 1332 512 1384 et
526 1346 645 1402 corpore
656 1327 712 1384 tibi
725 1327 891 1403 placeamus
905 1332 936 1384 et
949 1331 1056 1386 mente.
1094 1325 1152 1384 Per
1163 1327 1335 1395 Dominum.

192 1407 291 1466 Lectae
305 1407 373 1465 libri
386 1407 498 1482 Rapum
512 1407 549 1486 (3
570 1408 614 1465 iii.
634 1406 747 1485 16-28).
810 1429 812 1437 ’

193 1488 233 1546 In
247 1489 350 1546 diebus
364 1488 431 1559 illis,
447 1488 606 1546 Venerunt
620 1488 686 1546 duae
700 1489 838 1546 mulieres
853 1487 1020 1546 meretrices
1036 1487 1075 1546 ad
1093 1507 1191 1564 regem
1212 1488 1339 1545 Salomo-

130 1589 201 1627 nem
220 1570 372 1645 usquead
392 1569 522 1626 Audivit
544 1569 644 1646 itaque
666 1570 761 1627 omnis
786 1569 879 1626 Israel
904 1569 1051 1645 judicium
1074 1569 1153 1645 quod
1174 1569 1339 1645 ¹judicasset

130 1670 193 1717 rex,
222 1656 253 1707 et
279 1653 445 1708 timuerunt
472 1669 579 1728 regem,
608 1651 743 1708 videntes
776 1651 953 1727 sapientiam
988 1650 1047 1708 Dei
1080 1670 1141 1708 esse
1175 1651 1209 1707 in
1235 1670 1269 1708 eo
1301 1650 1338 1708 ad

131 1731 301 1789 faciendum
324 1730 479 1807 judicium.

195 1811 330 1870 Gradcle.

191 1892 266 1950 Esto
280 1893 355 1950 mihi
367 1892 401 1950 in
414 1892 513 1951 Deum
526 1897 741 1970 protectorem:
762 1897 793 1951 et
806 1894 839 1950 in
852 1893 950 1951 locum
964 1889 1091 1970 refugii:
1112 1898 1148 1951 ut
1161 1892 1277 1951 salvum
1290 1913 1338 1952 me

131 1973 229 2031 facias.

136 2055 166 2114 V.
193 2049 286 2126 Deus,
302 2055 335 2111 in
348 2060 379 2112 te
393 2054 524 2130 speravi:
546 2054 683 2125 Domine,
698 2074 760 2112 non
773 2054 937 2113 confundar
949 2055 982 2112 in
995 2060 1147 2112 aeternum.

191 2133 360 2194 Secundum
374 2135 401 2190 J
399 2136 542 2194 cluaneca
555 2137 572 2212 (
572 2136 603 2194 ii.
623 2136 736 2212 13-25).

193 2216 233 2274 In
254 2216 307 2273 illo
331 2222 471 2293 tempore,
496 2217 592 2292 Prope
613 2222 677 2274 erat
701 2216 815 2274 Pascha
837 2216 1020 2286 ludaeorum,
1043 2221 1073 2274 et
1095 2217 1227 2275 ascendit
1249 2217 1338 2274 Jesus

131 2296 392 2373 Hierosolymam:
414 2303 445 2354 et
458 2297 574 2355 invenit
588 2297 620 2353 in
630 2297 741 2374 templo
751 2297 912 2356 vendentes
922 2299 1011 2355 boves
1023 2318 1112 2372 usque
1127 2300 1167 2355 ad
1180 2299 1243 2374 ipse
1257 2298 1337 2355 euim

131 2379 244 2436 sciebat
257 2379 329 2454 quid
344 2385 420 2435 esset
433 2379 466 2435 in
481 2378 609 2437 homine.

193 2459 388 2533 Offertcrium.

191 2540 213 2598 J
215 2540 328 2597 ubilate
342 2540 408 2598 Deo
421 2540 559 2597 universa
573 2545 671 2598 terra:
694 2540 822 2615 jubilate
833 2539 907 2612 Dec,
919 2540 1059 2598 universa
1071 2545 1170 2598 terra:
1189 2539 1338 2618 psalmum

134 2620 221 2678 dicite
234 2621 350 2678 nomini
364 2622 427 2697 ejus
438 2641 447 2693 3
466 2621 574 2692 venite,
591 2627 621 2678 et
635 2621 744 2693 audite,
756 2627 787 2678 et
800 2623 925 2680 narrabo
942 2622 1031 2695 vobis,
1046 2641 1145 2680 omnes
1159 2622 1212 2698 qui
1225 2622 1338 2680 timetis

135 2701 241 2775 Deum,
257 2708 370 2778 quanta
383 2702 455 2759 fecit
468 2702 615 2759 Dominus
628 2703 734 2760 animae
749 2722 829 2761 meae.

194 2782 314 2841 Secreta.

194 2864 336 2922 Oblatum
357 2863 422 2936 tibi,
443 2864 581 2937 Domine,
596 2863 771 2922 sacrificium
792 2864 924 2923 vivificet
942 2884 995 2923 nos
1013 2884 1136 2942 semper,
1158 2871 1189 2923 et
1207 2864 1335 2923 muniat.

140 2941 194 3002 Per
206 2946 378 3003 Dominum.

195 3025 374 3086 Commetare.

195 3107 246 3164 Ab
260 3107 384 3165 occultis
397 3107 470 3164 meis
484 3105 596 3164 munda
608 3126 664 3180 me,
680 3106 830 3166 Domine:
858 3113 889 3165 et
902 3108 940 3165 ab
954 3106 1058 3165 alienis
1078 3127 1164 3184 parce
1177 3127 1261 3166 servo
1275 3112 1336 3166 tuo.

196 3187 436 3246 Pcstccmmuraic.

197 3267 338 3345 Sumptis
353 3268 490 3340 Domine,
505 3267 683 3326 salutaribus
705 3269 895 3326 sacramentis
917 3269 955 3326 ad
975 3268 1186 3345 redemptionis
1209 3275 1335 3343 aeternae,

152 3361 309 3422 quesumus,
325 3349 512 3426 proficiamus
525 3357 725 3426 augmentum.
768 3349 827 3408 Per
841 3349 1013 3408 Dominum.

197 3429 290 3506 Super
309 3431 467 3506 Populum.

198 3510 442 3589 Deprecationem
464 3516 604 3584 nostram,
625 3530 799 3588 quaesumus,
821 3511 958 3584 Domine,
981 3511 1127 3588 benignus
1149 3511 1277 3570 exaudi:
1306 3516 1338 3569 et

142 3590 241 3719 prium
255 3592 443 3670 supplicandi
458 3597 579 3670 praestas
594 3593 741 3666 affectum,
757 3593 856 3652 tribue
877 3592 1053 3651 defensionis
1074 3592 1228 3650 auxilium.
1279 3591 1338 3650 Per
1412 3620 1413 3623 ¹

170 3690 305 3733 ommum.

613 3837 713 3896 Fran
733 3836 859 3896 raum

201 3934 337 4012 Officium.

200 4015 326 4089 Exaudi,
354 4017 446 4090 Deus,
471 4016 634 4074 orationem
661 4034 765 4088 meam,
787 4020 820 4073 et
845 4033 884 4072 ne
910 4012 1075 4091 despexeris
1103 4014 1339 4092 deprecationem

126 4097 234 4156 1norun
246 4119 253 4157 :
275 4099 398 4158 intende
412 4099 445 4156 in
458 4117 505 4156 me
519 4103 550 4156 et
563 4096 672 4155 exaudi
685 4115 739 4156 me

203 4179 343 4239 Paeonas.

132 4323 144 4338 ,
205 4261 399 4320 Contristetus
412 4259 523 4317 eumin
537 4256 748 4318 exercitatione
764 4276 849 4317 mea:
877 4263 909 4316 et
929 4257 1124 4318 conturbatus
1144 4279 1210 4317 sum
1230 4278 1249 4316 a
1267 4278 1339 4317 voce

131 4336 260 4416 mimici,
275 4349 305 4438 at
318 4363 337 4402 a
348 4340 542 4402 tribulatione
555 4340 721 4419 peccatoris.

209 4421 409 4578 m.n⁰bis‚
428 4521 604 4581 quaesumus,
623 4502 761 4580 Domine,
776 4501 989 4564 observationis
1004 4503 1121 4580 jejunia
1141 4508 1172 4561 et
1194 4501 1251 4579 piae
1273 4519 1340 4560 con·
