2926 4996
127 394 189 457 246
396 390 490 455 Dora.
514 391 582 457 aie.
602 400 678 477 post
702 391 839 458 Oetaeas
860 391 1069 459 Paracata.

189 557 298 615 Oratio.

188 638 307 714 Dirigat
321 639 409 695 corda
421 645 532 710 nostra,
547 658 723 714 quaesumus,
738 640 875 713 Domine,
889 645 950 697 tuae
963 636 1163 697 miserationis
1183 636 1331 714 operatio;

45 745 49 753 ·
128 719 198 797 quia
211 719 383 776 tibisinete
396 719 510 796 placere
523 739 585 777 non
598 739 758 797 possumus.
802 719 861 778 Per
874 719 1047 778 Dominum.

189 815 241 874 Ad
255 816 393 892 Ephesios
406 816 460 894 (ia
477 816 592 895 23-28).

190 897 328 956 Fratres:
350 898 549 955 Renovamini
562 898 669 975 spiritu
689 899 798 958 mentis
811 905 918 958 vastrae
930 917 1021 976 aeque
1034 898 1076 958 ad
1088 903 1124 957 ut
1134 897 1245 958 habeat
1257 896 1330 956 unda

130 979 244 1036 tribuat
256 979 459 1037 necessitatem
472 980 608 1056 patienti.

194 1070 328 1130 Gradale.
831 1111 833 1117 ·

192 1152 349 1230 Dirigatur
362 1155 456 1210 oratio
470 1173 535 1210 mea
548 1154 625 1210 sicut
637 1155 790 1211 incensum
803 1153 837 1210 in
850 1160 1008 1230 conspectu
1021 1159 1083 1225 tuo,
1098 1152 1237 1212 Domine.

139 1232 169 1294 V.
194 1232 330 1291 Elevatic
344 1254 486 1291 manuum
500 1254 632 1291 mearum
646 1235 821 1292 sacrificium
833 1233 1043 1311 vespertinum.

171 1313 321 1391 Alleluya.
375 1316 403 1374 V.
428 1317 488 1384 Qui
511 1316 620 1372 timent
647 1315 810 1374 Dominum
837 1321 956 1393 sperent
979 1316 1012 1372 in
1039 1333 1127 1373 eum:
1161 1313 1282 1391 adjutor
1307 1317 1332 1370 et

132 1401 281 1472 protector
294 1415 395 1454 eorum
410 1401 462 1453 est.

193 1489 360 1549 Secundum
373 1491 547 1549 Matianum
561 1492 617 1567 (ia.
636 1492 709 1570 1-8).

192 1572 232 1628 In
241 1572 293 1628 illo
305 1578 444 1648 tempore,
456 1573 629 1631 Ascendens
642 1572 665 1631 J
666 1593 732 1631 esus
744 1573 778 1630 in
791 1572 961 1631 naviculam
974 1571 1186 1630 transfretavit
1197 1589 1288 1648 usqae
1299 1570 1335 1629 ed

134 1658 165 1710 et
177 1652 416 1729 glorificaverunt
430 1656 537 1726 Deum,
552 1655 605 1730 qui
618 1654 701 1712 dedit
713 1660 892 1731 potestatem
905 1654 996 1713 talem
1009 1653 1189 1722 hominibus.

197 1743 221 1803 O
242 1746 388 1804 arteriam.
1200 1782 1203 1789 ·

196 1747 440 1885 siambulavero
464 1829 497 1884 in
520 1827 616 1885 medio
636 1827 848 1900 tribulationis,
870 1827 1036 1886 vivificabis
1056 1846 1114 1901 me,
1133 1826 1281 1885 Domine:
1309 1829 1335 1883 et

135 1926 223 1985 super
245 1907 321 1966 iram
342 1908 530 1967 inimicorum
554 1928 687 1967 meorum
710 1908 852 1968 extendes
871 1929 993 1967 manum
1013 1914 1106 1979 tuam,
1121 1913 1153 1966 et
1166 1908 1284 1967 salvum
1296 1925 1340 1964 me

134 1988 205 2048 fecit
220 1990 343 2047 dextera
353 1996 413 2047 tua.

196 2083 317 2144 Secreta.

196 2166 288 2239 Deus,
316 2168 368 2242 qui
395 2186 449 2225 nos
475 2187 528 2243 per
561 2167 650 2242 hujus
685 2167 820 2226 sacrificii
846 2167 1015 2226 veneranda
1049 2168 1226 2225 commercia
1256 2166 1342 2225 unius

107 2312 109 2317 ,
135 2267 314 2323 summasque
325 2247 503 2305 Divinitatis
513 2248 672 2324 participes
682 2248 789 2321 efficis3
809 2255 925 2325 praesta,
937 2268 1114 2325 quaesumus,
1126 2249 1253 2306 utsicut
1262 2254 1339 2305 tuam

134 2329 325 2406 cognovimus
339 2329 504 2401 veritatem,
521 2328 640 2387 siccam
653 2329 751 2406 dignis
769 2330 920 2388 mentibus
941 2336 972 2387 et
991 2329 1122 2388 moribus
1144 2345 1337 2407 assequamur.

138 2409 205 2470 Per.
653 2431 655 2434 ⁴

198 2489 382 2550 Communia

193 2572 239 2629 Tu
249 2571 397 2630 mandasti
408 2572 549 2629 mandata
559 2578 612 2630 tua
621 2568 764 2631 'custodiri
774 2572 864 2630 nimis
875 2593 881 2630 :
901 2572 1018 2630 utinam
1028 2570 1199 2650 dirigantur
1208 2572 1266 2630 viae
1275 2588 1342 2630 mea

136 2652 175 2712 ad
188 2653 393 2712 custodiendas
402 2654 631 2729 justificationes
643 2660 719 2711 tuas.

200 2750 443 2809 Postecmmaae'c.

200 2830 320 2888 Gratias
352 2833 411 2888 tibi
444 2831 606 2903 referimus,
643 2833 780 2902 Domine,
815 2851 897 2891 sacro
934 2851 1056 2891 munere
1089 2832 1231 2910 vegetati,
1265 2837 1346 2890 tuam

140 2911 371 3052 rpiserlicordiam
394 2913 583 2989 deprecantes
592 2934 601 2986 ,²
631 2920 665 2970 ut
689 2914 793 2991 dignos
812 2933 866 2971 nos
880 2913 944 2991 ejus
963 2913 1192 2992 participatione
1207 2912 1348 2992 perficias.

168 3012 201 3052 er
246 3012 384 3050 cmrnum.

615 3125 715 3183 Fran
736 3125 874 3196 Quaem.

201 3254 251 3313 Ad
266 3255 526 3314 Thessalonicenses
541 3256 571 3333 (2
586 3256 617 3313 e'i.
636 3256 757 3314 ld-eii.
775 3256 815 3336 7).
1125 3286 1127 3290 ⁷
1185 3263 1188 3268 ’

202 3336 340 3395 Fratres:
362 3337 453 3406 State,
468 3343 498 3394 et
512 3343 612 3394 tenete
630 3337 806 3395 traditiones
821 3356 894 3414 quas
911 3335 1056 3395 didicistis
1073 3355 1164 3412 asqree
1183 3337 1226 3395 ad
1242 3335 1352 3415 dirigat

141 3417 230 3475 corda
243 3424 274 3474 et
288 3437 409 3494 corpora
422 3424 521 3475 vestra
534 3419 567 3475 in
580 3419 704 3475 caritate
718 3418 776 3475 Dei
790 3424 820 3475 et
833 3417 980 3494 patientia
994 3416 1116 3476 Christi.

200 3512 369 3574 Secundam
383 3516 559 3574 Motatorem
573 3516 653 3594 (cciii.
668 3517 782 3594 36-43).

202 3596 243 3654 In
269 3597 321 3654 illc
348 3603 489 3672 tempore,
515 3598 714 3656 Accesserunt
741 3599 779 3656 ad
805 3598 911 3656 Jesum
938 3597 1077 3674 discipuli
1103 3597 1177 3674 ejus,
1202 3597 1347 3658 dicantoe:

147 3676 285 3735 Edissere
299 3679 384 3736 nobis
398 3679 567 3755 parabolam
582 3679 676 3736 tritici
690 3685 720 3737 et
734 3680 913 3737 zizaniorum
927 3679 991 3757 agri
1011 3698 1102 3754 aeque
1120 3679 1162 3736 cd
1182 3678 1270 3739 Tunc
1283 3676 1354 3757 justi

143 3758 301 3898 fulgebunt
316 3760 393 3817 sicut
407 3760 451 3817 sol
469 3761 501 3816 in
520 3780 611 3837 regno
629 3760 729 3818 Patris
747 3780 857 3818 eorum.
902 3760 962 3831 Qui
982 3759 1074 3819 habet
1094 3779 1183 3820 aures
1204 3757 1348 3829 audiat,

145 3859 184 3897 au
208 3840 257 3900 'at

631 3973 730 4030 Fran
756 3974 865 4032 Sarra

208 4099 259 4158 Aa
272 4099 420 4158 Ennianos
432 4099 513 4177 (cciii.
533 4101 607 4178 1-4)

209 4181 349 4240 Fratres:
365 4181 470 4239 Omnis
484 4182 584 4240 anima
596 4182 793 4258 potestatibus
807 4182 1030 4240 sublimioribus
1042 4199 1134 4258 usqae
1148 4183 1191 4242 ad
1203 4180 1348 4245 vindexin

151 4261 229 4319 iram
242 4263 282 4335 ei,
294 4263 346 4340 qni
360 4263 435 4319 male
449 4263 520 4340 agita

212 4358 380 4419 Secundam
393 4360 532 4418 Marcam
546 4361 626 4438 (etii.
640 4361 754 4440 14-23)

214 4441 254 4498 In
274 4441 327 4498 illo
350 4446 490 4517 tempore,
512 4442 718 4520 Interrogatus
739 4444 761 4502 J
762 4463 828 4502 esus
851 4463 869 4501 a
893 4441 1045 4521 discipulis
1072 4442 1134 4502 suis
1160 4443 1199 4503 de
1225 4458 1351 4504 oonsm‘

152 4521 282 4582 matione
296 4522 396 4579 saeculi
409 4523 488 4580 dixit
502 4524 544 4581 eis
557 4545 563 4581 ε
585 4523 662 4582 (ium
675 4524 810 4583 videritis
823 4545 914 4601 usque
926 4523 970 4584 ud
980 4523 1107 4603 praedixi
1115 4524 1203 4586 vobis
1215 4523 1319 4585 omnis
