2926 4996
123 361 197 426 5132
520 360 625 426 Faria
645 361 689 426 ai.
709 368 785 448 post
805 363 942 429 Pascha.

142 528 170 585 V.
198 527 334 586 Surrexit
347 527 494 585 Dominus
508 533 539 585 et
552 546 705 587 occurrens
718 529 892 588 mulieribus
905 530 957 603 ait,
972 529 1079 590 Avete.
1115 531 1326 591 runcocesso

136 613 217 681 runt,
231 614 263 666 et
276 614 436 667 tenuerunt
449 608 536 684 pedes
549 609 619 685 ejus.

197 705 360 780 Sequentia.
466 774 469 779 ,

129 822 131 826 ⁴
218 804 323 860 Prome
337 807 416 860 casta
430 803 529 860 concio
543 803 657 860 cantica
670 822 779 880 organa
792 805 967 863 subnectens
979 804 1166 883 hypodorica

146 955 149 959 ¹
221 883 298 960 Regi
311 884 438 951 claustra
451 883 516 941 Deo
530 889 659 942 tartarea
671 885 822 961 rumpenti
835 885 958 943 decanta
971 906 1050 945 nunc
1063 886 1247 964 symphonia,

221 961 321 1022 Morte
334 965 386 1040 qui
399 965 478 1021 victa
491 984 652 1041 resurgens,
666 967 773 1042 gaudia
785 967 896 1023 mundo
909 973 1005 1044 gestat
1018 967 1146 1026 colenda

218 1046 267 1102 Ac
280 1045 398 1102 insolita
411 1051 558 1102 morantes
571 1046 708 1121 perdire
716 1046 819 1122 Cocyti
833 1048 959 1105 confinia

219 1127 385 1205 Aspectant
398 1126 519 1198 lumina,
534 1126 666 1183 intrante
679 1127 730 1184 illo
744 1129 807 1184 vita
820 1129 913 1186 beata.

221 1206 344 1264 Terrore
357 1207 490 1282 perculsa
503 1207 646 1263 tremiscit
659 1207 824 1265 daemonum
837 1209 920 1285 plebs
933 1208 1038 1268 valida

220 1287 305 1344 Dant
318 1287 442 1363 suspiria
455 1288 579 1344 fletuum
593 1287 671 1345 alta:
691 1289 830 1365 repagula

222 1368 295 1437 Quis
308 1369 349 1424 sic
362 1368 460 1424 audax
473 1368 602 1443 fregerit,
616 1369 763 1426 mirantur
776 1376 856 1442 tunc,
871 1370 967 1428 fortia

220 1447 269 1526 Sic
289 1449 326 1505 ad
347 1468 451 1523 supera
470 1449 547 1519 redit
567 1468 633 1506 cum
653 1455 753 1506 turma
771 1449 904 1527 gloriosa,
919 1458 949 1508 et
969 1451 1074 1508 timida
1087 1451 1202 1510 refovet
1215 1451 1328 1529 discipu·

257 1546 261 1555 “
293 1529 396 1585 ‘lorum
410 1529 502 1587 corda.

220 1609 362 1667 Praecelsa
375 1610 462 1685 hujus
475 1615 586 1686 tropaea
599 1611 784 1684 admirantes,
800 1612 966 1686 flagitemus
979 1632 1059 1671 nunc
1072 1632 1144 1671 voce
1158 1613 1271 1672 decliva

219 1690 380 1766 Virginum
394 1691 473 1747 inter
485 1691 604 1767 agmina
616 1711 782 1749 mercamur
794 1693 955 1769 pretiosum
968 1693 1061 1751 colere
1073 1700 1109 1752 ut
1123 1694 1245 1768 Pascha,

220 1770 344 1828 Galilaea
356 1773 446 1847 inque
460 1778 573 1828 sacrata
585 1772 764 1850 praefulgidae
778 1775 911 1831 contueri
925 1774 999 1832 lucis
1012 1773 1141 1835 exordia

198 1914 365 1973 Secundam
379 1914 543 1974 ιΙοΙιιιιιιιιιιι
562 1913 626 1991 (aa.
645 1914 757 1994 11-18)

200 2012 239 2069 In
252 2003 304 2068 illo
324 2020 462 2088 tempore,
479 2011 576 2068 Maria
596 2011 693 2068 stabat
713 2012 751 2069 ad
771 2017 995 2070 monumentum
1015 2013 1095 2084 foris,
1110 2013 1229 2090 plorans
1248 2033 1333 2090 aeque

140 2093 181 2150 ad
207 2093 302 2150 Venit
333 2113 401 2169 ergo
428 2093 526 2149 Maria
557 2092 731 2171 Magdalene
762 2095 942 2153 annuntians
969 2057 1137 2171 discipulis:
1172 2095 1250 2165 Quia
1275 2094 1333 2153 vidi

140 2167 312 2312 Βοηὸιιιιθιίιίῗ,
304 2180 356 2244 ,et
369 2175 431 2231 haec
445 2174 523 2230 dixit
536 2173 617 2230 mihi.

200 2351 533 2490 inffediidriidiiemnitatis
550 2436 664 2503 vestrae,
679 2430 751 2488 dicit
764 2431 929 2490 Dominus:
952 2431 1090 2490 inducam
1103 2451 1156 2491 vos
1175 2432 1211 2491 in
1229 2438 1333 2492 terram

140 2513 281 2571 fluentem
295 2513 339 2570 lac
353 2513 463 2586 etmel,
478 2511 612 2587 alleluya.

200 2612 329 2767 giiiipoi,
344 2691 480 2763 Domine,
496 2710 619 2748 munera
639 2691 815 2766 populorum
837 2695 957 2748 tuorum
977 2690 1123 2768 propitius
1133 2712 1141 2765 3
1162 2697 1199 2750 ut
1220 2693 1254 2751 in
1273 2711 1331 2761 oon·

140 2772 264 2829 sessione
277 2772 324 2832 tui
343 2773 470 2829 nominis
491 2779 522 2829 et
541 2772 719 2848 baptismate
738 2773 879 2845 renovati,
896 2773 1104 2849 sempiternam
1124 2773 1328 2839 beatitudinem

140 2859 363 2928 consequantur.
407 2853 464 2910 Per
477 2853 648 2910 Dominum.

200 2945 349 3020 Praefatio.
392 2945 432 3002 Et
447 2951 477 3002 te
491 2946 617 3021 quidem.
642 2987 644 2996 ,
662 2944 927 3018 Communicantes,
942 2955 968 3005 et
982 2945 1072 3004 Hanc
1084 2945 1186 3024 igitur.

201 3042 561 3200 §digitiliiidnaicquisitionia
577 3123 752 3180 annuntiate
765 3123 891 3180 virtutes
912 3124 983 3199 ejus,
998 3123 1142 3200 alleluya:
1163 3125 1218 3202 qui
1234 3121 1321 3182 nosdc

140 3206 269 3263 tenebris
283 3207 399 3263 vocavit
412 3205 444 3261 in
458 3204 630 3261 admirabile
644 3204 744 3261 lumen
758 3223 845 3261 suum
847 3205 1003 3281 ,.alleluya

200 3303 271 3360 Post
261 3302 440 3360 tcommaaio.

192 3383 327 3456 Exaudi,
343 3383 479 3455 Domine,
493 3401 592 3459 preces
605 3402 658 3438 nos
660 3387 729 3454 trae,
744 3388 778 3439 ut
798 3381 1008 3475 redemptionis
1027 3388 1136 3441 nostrae
1156 3384 1324 3443 sacrosancte

141 3467 321 3535 commercia,
336 3472 367 3520 et
379 3465 449 3520 vitae
462 3427 548 3520 riobis
561 3463 715 3521 conferant
727 3463 879 3539 praesentis
892 3464 1047 3538 auxilium,
1062 3470 1093 3522 et
1112 3465 1221 3542 gaudia
1233 3461 1343 3573 senpi-

141 3551 226 3603 terna
240 3509 402 3603 concilient.
446 3545 511 3603 Per.

622 3749 722 3806 anm
743 3747 851 3806 Saxae.

201 3898 251 3954 Aa
264 3897 395 3954 Missam.
439 3893 577 3969 Officium.
635 3947 636 3952 ,

202 3979 353 4034 Eduxit
338 3998 386 4034 cos
409 3974 585 4034 Dominus
576 3994 607 4031 ιιι
632 3993 691 4050 spe,
688 3969 845 4048 alleluya,
861 3971 1005 4047 alleluya:
1029 3950 1090 4030 et
1081 3971 1217 4031 mimicos
1237 3954 1304 4030 eoru
1330 3980 1367 4021 1

141 4060 258 4135 operuit
271 4064 350 4114 marc
353 4056 510 4132 „alleluya
526 4055 662 4130 alleluya,
678 4054 813 4128 alleluya

202 4153 348 4210 Psalmas.

201 4234 367 4306 Attendite,
387 4233 493 4310 popule
514 4252 604 4305 meus,
623 4231 717 4308 legem
738 4250 853 4288 meam:
880 4229 1020 4288 inclinate
1041 4249 1145 4288 aurem
1158 4197 1306 4290 vestram.

141 4316 230 4374 verba
244 4316 302 4372 oris
316 4315 381 4374 mci.

159 4412 517 4570 diridiioaenst
412 4492 517 4569 sempit
520 4511 588 4550 erne
609 4485 699 4566 Deus,
715 4490 767 4568 qui
787 4489 922 4567 paschale
943 4460 1193 4550 sacramentum'
1183 4511 1216 4552 ιιι
1238 4489 1367 4549 reooss
