2926 4996
480 356 529 421 Ia
544 357 781 424 Praaslabicae
795 359 907 424 saacti
928 359 1095 426 Willelmi.
1141 422 1144 427 .

266 525 434 584 Secundam
450 525 625 582 Mattleceam
639 524 699 600 (iii.
719 525 833 603 13-17).

265 609 303 664 In
315 607 367 664 illo
378 614 516 682 tempore,
522 606 617 662 Venit
627 606 649 663 J
651 626 715 663 esus
726 627 744 663 a
756 607 881 665 Galilaea
891 628 981 683 acque
993 610 1033 666 ad
1044 609 1076 666 in
1087 629 1145 686 quo
1156 609 1233 668 mihi
1246 611 1412 687 complacui.

267 688 367 746 Credo.
411 688 451 744 Ei
466 697 562 758 cetera,
575 687 649 744 sicat
662 687 696 743 ia
709 687 764 745 die.

670 858 770 914 Iram
791 857 940 916 Ocravas

266 1002 315 1058 Aa
328 999 460 1057 Missam.
507 996 647 1072 Officium.
690 998 765 1056 Ecce
779 999 909 1057 advenit.

268 1082 317 1139 Pe.
361 1080 443 1137 Deus
460 1079 613 1154 judicium.

269 1163 371 1219 Gloria
385 1162 477 1218 Patri.
521 1159 596 1217 Ecce
614 1159 741 1217 advenit.

270 1244 378 1300 Oratio.
422 1242 504 1299 Deus
518 1241 570 1316 qui
583 1240 725 1298 hodierna
738 1241 792 1299 die.

269 1323 408 1398 Epistola.
454 1321 554 1398 Surge,
570 1321 745 1379 illuminare.

271 1404 404 1461 Gradaie.
449 1403 558 1459 Omnes
573 1403 608 1459 de
623 1402 707 1459 Saba.
757 1403 785 1461 V.
803 1403 904 1480 Surge.

271 1485 397 1543 Gradaie
412 1493 479 1559 post
500 1484 617 1541 Versum
631 1503 690 1540 aaa
703 1493 857 1558 repetatur.

267 1566 414 1641 Alleluya.
465 1565 495 1623 V.
511 1564 661 1635 Vidimus,
676 1574 701 1622 et
715 1573 812 1635 cetera,
827 1566 902 1623 sicat
915 1566 949 1623 ia
963 1566 1015 1624 die.

258 1761 295 1819 Iu
316 1763 544 1818 ramsnarrora
565 1746 670 1816 sarem
692 1758 857 1816 Wmuanm
879 1760 1125 1819 Aacaruerscorr
1145 1761 1369 1824 anaacursm.

268 1908 317 1964 Ad
331 1907 463 1964 Missam.
508 1905 647 1979 Officium,
692 1905 807 1962 Statuit
821 1905 855 1962 ei.

269 1988 377 2046 Oratio.
422 1986 617 2061 Omnipotens
638 1992 669 2043 et
688 1986 851 2042 misericors
871 1985 961 2057 Deus,
976 1986 1029 2062 qui
1042 1987 1162 2064 gloriosi
1175 1990 1349 2050 confessoris
1369 1995 1413 2050 tui

207 2076 297 2146 atque
311 2069 457 2145 pontificis
468 2067 614 2124 Willelmi
627 2087 731 2143 corpus
745 2067 778 2122 in
790 2067 851 2123 imo
864 2067 1049 2124 reconditum
1063 2069 1185 2144 dignum
1206 2071 1413 2131 sublimatione

206 2151 395 2207 monstrasti:
419 2149 544 2206 concede
557 2149 642 2206 nobis
657 2150 719 2224 ejus
733 2147 957 2205 translationem
976 2149 1200 2223 celebrantibus,
1217 2152 1255 2208 ab
1269 2152 1324 2211 hac
1337 2154 1413 2212 valle

208 2233 331 2290 miseriae
345 2231 382 2288 ad
397 2230 523 2287 caelestia
536 2249 627 2306 regna
641 2229 800 2286 transferri.
844 2229 902 2286 Per
916 2228 1087 2288 Dominum.

267 2312 413 2371 Memoria
427 2313 461 2368 de
475 2310 649 2386 Epiphania
662 2319 688 2368 et
702 2312 736 2367 de
750 2310 888 2368 Domina.
915 2311 919 2320 '

269 2394 408 2470 Epistola.
453 2393 546 2450 Dedit
561 2392 707 2448 Dominus
721 2390 938 2448 confessionem.

272 2474 405 2532 Gradale.
449 2473 524 2530 Ecce
538 2473 677 2530 sacerdos.
720 2471 870 2547 Alleluya.
921 2472 949 2529 V.
973 2471 1082 2530 Inveni
1096 2473 1203 2531 David.

268 2555 431 2630 Sequentia.
486 2554 614 2611 Plaudet
638 2554 760 2623 Chorus
784 2562 818 2609 at
845 2553 879 2610 ia
906 2552 965 2610 alio
987 2553 1079 2627 Festo,
1102 2557 1232 2613 ‘secanda
1255 2557 1304 2615 die
1330 2557 1414 2634 infra

209 2637 330 2694 Oetaeas
350 2635 481 2710 ey'asdeaa

265 2716 466 2790 Ecaaaeiiam.
503 2715 607 2771 Nolite
620 2714 732 2784 timere,
743 2713 881 2790 pussillus
893 2734 968 2791 grex
982 2735 1071 2790 usqae
1085 2717 1126 2774 acl
1138 2736 1189 2774 cor
1199 2723 1333 2777 vestrum
1347 2720 1410 2778 erit.

268 2797 460 2871 Offirmriam.
504 2795 625 2852 Veritas
638 2815 709 2852 mea.

264 2877 383 2935 Secreta.
440 2876 576 2947 Munera,
605 2876 741 2948 Domine,
769 2876 919 2950 majestati
945 2883 1005 2934 tuae
1032 2877 1131 2935 oblata
1158 2879 1191 2935 in
1218 2881 1413 2940 translatione

142 2989 148 3000 ·
203 2959 297 3015 sancti
314 2957 460 3015 Willelmi
483 2957 627 3031 benignus
647 2976 769 3028 assume,
796 2964 826 3014 et
848 2958 886 3014 ad
907 2959 1073 3015 animarum
1096 2965 1267 3018 nostrarum
1287 2962 1413 3021 salutem

98 3094 100 3100 ,
204 3040 341 3114 proficere
354 3039 443 3095 facias
457 3038 672 3113 sempiternam.
717 3038 774 3095 Per
793 3037 964 3095 Dominum.

181 3126 182 3129 ’
264 3119 405 3194 Praefatio
428 3129 453 3176 et
475 3118 734 3176 Communicantes
751 3120 826 3178 sicat
841 3119 876 3176 ia
892 3120 938 3176 die
951 3119 1136 3195 Epiphaniae,
1151 3121 1178 3178 si
1191 3121 1278 3198 infra
1291 3120 1414 3184 Oetaeas

203 3201 265 3276 ejus
278 3200 406 3258 evenerit.
448 3272 450 3276 .

264 3280 443 3340 Communia.
487 3280 598 3338 Beatus
612 3300 720 3338 servus.

262 3362 502 3422 Pastecmmaaic.
547 3361 729 3433 Quaesumus,
741 3361 869 3418 Domine
880 3360 962 3418 Deus
973 3368 1080 3436 noster,
1092 3370 1128 3421 ut
1141 3364 1203 3422 haec
1218 3369 1410 3441 sacramente,

201 3465 267 3519 quae
291 3444 478 3520 sumpsimus,
504 3442 583 3499 beati
608 3442 754 3500 Willelmi
776 3443 947 3499 confessoris
971 3443 1018 3499 tui
1041 3451 1130 3520 atque
1153 3447 1303 3522 pontificis
1323 3449 1413 3508 inter-

201 3526 341 3584 cessione·
364 3545 418 3582 nos
451 3523 601 3598 adjuvent,
631 3542 696 3598 quae
723 3523 756 3579 in
783 3523 914 3599 ejusdcm
941 3524 1133 3583 translatione
1160 3532 1220 3584 tuae
1248 3529 1412 3589 obtulimus

202 3607 357 3680 majestati.
401 3606 459 3662 Per
473 3604 643 3661 Dominum.

605 3777 645 3834 Iu
667 3776 799 3836 Oomms
820 3778 1011 3840 Remulum.

261 3928 310 3985 Aa
328 3929 460 3986 Missam.
505 3925 643 4002 Officiaaa
688 3924 763 3982 Ecce
776 3925 897 3984 advenit
910 3927 1089 3986 dominator.'

264 4007 372 4066 Oratio.

261 4090 351 4159 Deus,
366 4090 449 4164 cujus
460 4089 642 4165 Unigenitus
655 4087 688 4144 in
702 4088 868 4145 substantia
881 4093 990 4145 nostrae
1005 4090 1100 4148 carnis
1114 4092 1272 4167 apparuit:
1292 4101 1411 4169 proesta,

199 4190 375 4246 quaesumus,
401 4176 435 4226 ut
460 4189 512 4246 per
535 4191 611 4240 eum,
638 4188 726 4245 quem
754 4169 879 4226 similem
906 4170 991 4226 nobis
1019 4171 1089 4229 foris
1116 4173 1301 4248 agnovimus,
1327 4175 1412 4235 intus

200 4251 352 4309 reformari
365 4270 535 4308 mereamur.
581 4251 640 4320 Qui
654 4257 758 4307 tecum.

259 4332 403 4388 Memoria
416 4333 451 4388 de
465 4331 596 4388 Domina
610 4341 635 4389 et
649 4333 683 4389 de
698 4329 914 4405 Coafhsscribas
927 4331 1047 4391 Hilario
1062 4344 1087 4391 et
1101 4333 1242 4411 Remiqeb.

260 4413 355 4470 Lectio
369 4412 467 4469 Esaia
482 4412 638 4486 Prophetae.

258 4494 385 4551 Domine
400 4493 482 4550 Deus
498 4513 579 4550 meus
592 4493 790 4551 honorificabo
805 4500 854 4567 te3
874 4492 990 4553 laudem
1005 4495 1136 4556 tribuam
1149 4498 1265 4559 nomini
1278 4504 1344 4575 trac,
1356 4498 1411 4579 qui
1428 4554 1451 4571 .,
