2926 4996
138 360 195 425 '84
448 355 690 422 Dominicaa‘n
704 357 828 424 Remis
840 358 1055 427 Palmamm.

209 525 329 585 Secreta.

209 607 331 679 Praesta,
350 625 524 682 quaesumus
547 605 731 682 omnipotens
753 606 842 678 Deua,
866 611 901 663 ut
917 607 1091 682 jejuniorum
1112 607 1248 685 placatus
1269 613 1348 671 secri-

149 689 222 746 ficiis
236 687 427 764 indulgentiae
440 690 494 743 n'os
509 705 629 743 munere
642 687 834 764 prosequaris.
878 687 937 745 Per
951 687 1122 747 Dominum.

210 767 389 828 Oemnaania.

209 850 257 907 Ne
271 849 427 906 tradideris
441 867 495 906 me.

177 942 180 950 ·
207 929 449 988 Postcammania.
1007 982 1010 987 .

205 1012 310 1068 Divini
324 1010 454 1067 muneris
468 1008 568 1066 satiati
582 1009 718 1085 largitate
739 1028 915 1085 quaesumus,
932 1009 1061 1069 Domine
1077 1011 1160 1071 Deus
1175 1020 1279 1072 noster
1286 1035 1295 1088 3
1313 1023 1345 1074 ut

144 1093 232 1168 hujus
246 1111 360 1168 semper
373 1090 601 1166 participatione
614 1091 758 1147 vivamus.
801 1089 860 1147 Per
874 1090 1044 1150 Dominum.

205 1173 300 1248 Super
320 1171 477 1246 Populum.

204 1254 342 1326 Tueatur,
353 1271 527 1328 quaesumus,
537 1250 674 1322 Domine,
686 1251 809 1308 dextera
817 1257 870 1309 tua
878 1253 1020 1329 populum
1031 1259 1119 1311 tuum
1128 1254 1343 1332 deprecantem

144 1341 174 1392 et
187 1334 375 1411 purificatum
389 1333 546 1408 dignanter
559 1332 684 1403 erudiat,
697 1338 732 1388 ut
742 1333 940 1390 consolatione
953 1335 1093 1411 praesenti
1105 1335 1254 1409 foveatur,
1269 1340 1343 1398 etad

143 1417 244 1472 futura
257 1415 335 1471 bona
347 1413 489 1490 proficiat.
535 1412 595 1469 Per
609 1413 780 1470 Dominum.

471 1542 632 1599 Douuuca
653 1559 686 1599 m
707 1542 810 1601 Rama
835 1543 1019 1603 Parnassia

201 1659 272 1715 Post
284 1655 413 1714 Tertiam
416 1657 476 1729 fiat
484 1674 562 1729 apua
571 1655 723 1724 benedicta,
738 1664 763 1712 et
776 1665 948 1731 asperpatnr
961 1657 997 1714 ab
1012 1657 1048 1713 H
1046 1657 1262 1719 ebdomadario.
1341 1678 1343 1683 ’

201 1737 339 1819 [Pulsate
365 1737 406 1793 acl
432 1735 561 1793 Tertiam
581 1745 607 1792 et
631 1737 672 1792 acl
696 1737 913 1811 processionem,
939 1746 1006 1795 ante
1031 1738 1223 1814 inceptionem
1246 1742 1339 1815 Here,

139 1821 322 1880 benedicatur
335 1837 422 1892 aqna,
438 1826 463 1874 et
477 1825 649 1892 asperpatnr
663 1817 698 1873 ab
712 1817 1066 1878 [lamentacione—MS.
1083 1817 1136 1901 D.]

199 1902 269 1959 Post
282 1898 473 1974 aspersionem
487 1906 512 1954 et
524 1896 697 1969 Orationem,
708 1895 868 1973 *Mapister
878 1898 1080 1957 Sclamriwm'
1090 1900 1125 1957 in
1138 1901 1342 1979 Saperpellicid

137 1983 210 2058 lepat
237 1982 271 2038 in
301 1980 395 2037 medio
427 1987 494 2036 ante
524 1979 652 2052 pradum
683 1978 797 2036 Altaris
818 1999 909 2055 prope
937 1978 1072 2054 Claram,
1105 1983 1148 2039 aa
1178 1985 1340 2058 aquilonem

136 2082 295 2133 conversas,
318 2059 481 2118 Lectionem
503 2059 653 2134 praemisso
682 2059 765 2117 titan
800 2057 847 2139 [in
873 2061 992 2119 modam
1024 2083 1081 2137 qao
1107 2063 1176 2120 alia
1199 2065 1341 2124 Lectiones

135 2146 276 2219 lepaaatnr.
344 2141 385 2197 Et
405 2140 523 2197 interim
546 2141 618 2197 alum
642 2138 739 2198 Lectio
762 2141 874 2215 lepitar,
904 2141 1160 2201 Hebdomadarias
1187 2166 1255 2203 caan
1281 2147 1340 2205 sais

134 2225 285 2283 Ministris
312 2222 445 2281 amnibus
472 2221 505 2277 in
532 2219 615 2278 Albis
639 2230 754 2278 caratam
781 2221 904 2292 inflatis,
929 2224 1024 2281 sedeat
1050 2245 1084 2282 ea
1104 2233 1194 2300 parte
1218 2229 1341 2285 australi

134 2307 241 2366 sancini
266 2304 380 2361 Altaria
408 2302 476 2360 lacis
500 2302 557 2359 sili
579 2303 732 2376 deputatis.
788 2302 829 2359 Et
850 2303 1005 2376 Praelatns,
1035 2304 1063 2362 si
1084 2326 1216 2380 praesens
1234 2307 1338 2382 faerit,

131 2397 210 2446 exeat
232 2388 266 2444 in
288 2384 465 2454 vestiariam,
489 2391 515 2440 et
536 2382 645 2439 induat
666 2403 694 2440 se
716 2382 797 2441 Stala
819 2392 845 2441 et
864 2383 948 2459 Cape
968 2386 1059 2443 serica
1079 2386 1147 2444 alba
1165 2389 1209 2445 ad
1224 2386 1340 2463 panai

131 2464 546 2536 beraeclicenclas,etaeniatet
568 2464 717 2520 sedentia
739 2464 796 2521 laea
818 2463 873 2521 sibi
896 2466 1039 2541 deputata.
1096 2467 1138 2523 Et
1163 2468 1192 2525 si
1214 2490 1339 2546 praesens

130 2570 190 2608 nan
212 2547 319 2622 faerit,
344 2555 413 2602 tane
435 2544 571 2602 Decanns
592 2544 637 2601 ael
656 2545 751 2602 senior
769 2543 935 2604 Oananicns
958 2548 1054 2605 eadem
1078 2549 1163 2606 niodo
1190 2559 1217 2607 et
1237 2549 1339 2626 smne

133 2631 249 2689 vestitas
287 2626 391 2698 reniet,
429 2634 455 2682 et
488 2626 582 2682 sealeat
617 2625 651 2681 in
690 2625 825 2683 catlaealra
858 2625 951 2701 juata
983 2628 1086 2700 altare,
1119 2648 1212 2705 nsque
1245 2630 1338 2691 Lectio

126 2706 375 2785 finiatur—MS.
402 2703 455 2784 D.]

191 2790 287 2848 Lectio
301 2788 369 2845 libri
382 2786 481 2843 Laodi
494 2785 555 2861 (aa.
574 2786 620 2857 27,
635 2787 691 2844 aei.
715 2787 812 2865 1-10.)

193 2872 233 2928 In
255 2869 364 2926 diebus
381 2867 448 2939 illis,
475 2866 632 2924 Venerimt
654 2868 709 2923 filii
733 2867 835 2940 Israel,
858 2868 890 2925 in
916 2869 1029 2942 Helim,
1053 2871 1107 2928 ubi
1129 2880 1218 2932 erant
1245 2876 1336 2934 fontes

130 2971 274 3028 aquarum
302 2948 457 3006 duodecim
493 2952 523 3004 et
555 2949 744 3024 septuaginta
768 2949 873 3025 palmae
907 2971 998 3026 usqree
1026 2954 1068 3010 ad
1093 2960 1125 3012 et
1152 2974 1219 3013 ecce
1246 2955 1336 3034 gloria

129 3033 253 3091 Domini
274 3030 414 3107 apparuit
436 3029 469 3086 in
490 3029 576 3085 nube

190 3114 302 3171 Dei-nale
326 3111 487 3180 Diaconos,
506 3118 620 3185 accepta
640 3110 830 3168 benedictiom
843 3130 863 3168 a
877 3110 1004 3170 Praelata
1028 3111 1087 3193 [ael
1105 3115 1233 3192 Decana,
1251 3138 1336 3177 aena

129 3196 236 3254 certiore
252 3193 408 3263 Caraaaica,
424 3200 450 3248 et
471 3191 596 3266 sanastis
609 3191 760 3248 Ministris
768 3192 967 3267 processionis,
984 3194 1049 3253 MS.
1067 3194 1120 3276 D.]
1139 3198 1175 3256 in
1188 3219 1219 3258 ea
1233 3199 1292 3258 leaeo
1305 3201 1334 3257 in

128 3298 185 3354 qno
200 3276 343 3351 lepebatar
358 3272 463 3343 Lectio,
480 3271 555 3345 lepat
569 3271 770 3346 Evanpeliam.
1331 3285 1334 3292 ·

188 3357 357 3416 Secamlam
371 3353 540 3412 Joleannem
554 3352 623 3428 (att.
642 3353 758 3430 12-19)
1047 3417 1048 3420 Ἴ

189 3439 229 3496 In
242 3438 294 3495 illo
308 3443 448 3511 tempore,
464 3433 565 3490 Turba
578 3433 682 3505 multe,
694 3452 759 3509 quae
774 3441 953 3493 convenerat
967 3437 1005 3494 ad
1022 3437 1100 3496 diem
1114 3439 1233 3515 festum,
1249 3461 1334 3518 amm

129 3521 170 3578 arl
190 3521 265 3577 Eooe
278 3517 407 3574 mundus
421 3521 503 3572 totus
517 3520 584 3590 past
598 3533 666 3571 eum
680 3515 762 3572 abiit.

189 3601 327 3674 Lectaque
350 3595 518 3670 L'aareqelio,
546 3595 653 3651 lextra
674 3591 848 3674 [Evanpelii
864 3597 929 3654 MS.
947 3596 1000 3678 D.]
1022 3599 1153 3660 Praelata
1171 3613 1292 3678 apertus
1306 3600 1335 3685 [ά

128 3683 269 3752 Diacona,
286 3679 349 3736 MS.
367 3675 419 3756 D]
435 3675 586 3750 deferatur
604 3677 645 3733 ad
661 3677 872 3736 osculandam:
894 3677 1041 3738 Gemanica
1058 3683 1176 3753 cerasi
1189 3684 1335 3742 Praelatas

128 3783 189 3821 non
209 3761 335 3836 affecerit,
359 3759 429 3816 liber
452 3756 615 3831 L'aanyelii
674 3752 727 3835 [In
751 3757 820 3814 eliis
843 3778 907 3816 cero
932 3759 1001 3817 lacis
1024 3771 1105 3819 extra
1132 3762 1334 3824 Oatleedralem

130 3843 296 3912 Ecclesiam,
332 3840 443 3915 deserat
476 3838 629 3895 Dimenses
666 3837 775 3895 libram
809 3839 965 3898 Eaeeatari
999 3841 1093 3916 Officii
1127 3845 1169 3902 aa
1204 3846 1334 3904 osculam-

131 3922 319 3982 dum.—MS.
337 3923 374 3978 D.

191 4005 295 4061 Postea
305 3919 511 4060 benedicantur
519 3998 628 4075 palmae
637 4018 658 4056 a
667 3999 795 4056 Praelata
810 3997 867 4079 [cel
878 4022 897 4058 a
907 4001 1034 4074 Decana,
1044 4004 1089 4061 cel
1101 4025 1121 4061 a
1132 4002 1293 4080 Canonico,
1301 4016 1334 4065 nt

129 4085 331 4162 smpradirtum
349 4091 396 4153 est,
413 4080 477 4138 MS.
497 4077 606 4218 Dhin
627 4079 685 4137 loca
705 4081 757 4137 sebi
777 4080 874 4139 Lectio
894 4092 920 4140 et
941 4082 1137 4160 Eeanpeliam
1158 4087 1333 4163 lepebanta-r,

129 4164 182 4248 [ad
202 4165 368 4240 aquilonem
382 4183 519 4233 coneerso,
573 4161 601 4218 S.
616 4159 668 4240 D.]
683 4160 735 4218 leae
748 4163 852 4221 maala:
1318 4154 1322 4163 ’

189 4246 337 4304 Dominus
351 4244 509 4301 vobiscum.
553 4242 595 4299 Et
609 4261 676 4300 cum
690 4241 798 4318 spiritu
811 4249 873 4301 tuo.

190 4327 298 4387 Oratio.

190 4410 279 4482 Deus,
295 4407 379 4484 cujus
392 4404 489 4464 Filius
510 4424 564 4481 pro
585 4404 681 4462 salute
701 4405 817 4481 generis
835 4405 961 4466 humani
980 4408 1017 4468 de
1034 4408 1104 4468 oaelo
1124 4409 1280 4472 descendit
1300 4412 1336 4472 ad

510 4507 523 4532 ·
542 4505 697 4554 eaenulas
708 4507 904 4555 sareas-ns.
916 4509 945 4556 n.
1330 4502 1334 4517 “
