2926 4996
317 353 413 418 Dom.
437 353 520 419 mot.
540 360 616 438 post
641 356 777 421 Oetaeos
798 335 1007 437 Pentecosten.
1201 357 1263 419 249

531 565 631 622 Fama
653 565 790 634 Qunam.

119 676 169 732 Ad
185 674 367 743 Timotheum
389 675 417 753 (l
441 676 460 733 i.
479 677 569 753 5-12).

119 758 293 814 Carissimo:
315 756 399 813 Finis
419 763 519 815 autem
534 759 671 834 praecepti
685 778 776 832 arsque
789 758 831 815 od
844 778 891 815 me
905 758 1084 816 confortavit
1097 759 1131 815 in
1145 759 1264 816 Christo

59 840 80 896 J
82 859 133 895 esu
148 839 278 895 Domino
292 844 401 895 nostro,

120 919 287 977 Secundum
300 918 413 976 bucam
434 919 488 996 (oi.
505 919 599 996 t-ll)

119 1001 159 1057 In
179 1001 231 1057 illo
251 1006 392 1076 tempore,
409 1000 536 1057 Factum
556 1008 601 1057 est
622 1007 656 1058 nt
677 1002 804 1058 intraret
817 1001 839 1059 J
840 1021 905 1059 esus
923 1002 956 1057 in
974 1021 1153 1079 synagogam
1173 1020 1264 1076 osque

57 1084 99 1139 ad
114 1082 256 1157 quidnam
269 1082 401 1138 facerent
415 1082 451 1138 de
465 1081 487 1139 J
488 1101 547 1140 esa.

545 1241 645 1298 Fama
667 1241 776 1300 Sarra

121 1355 173 1414 Ad
187 1355 367 1414 Tirrtotbeum
389 1355 418 1430 (1
442 1354 473 1412 ii.
493 1354 582 1432 7-15).

122 1437 296 1494 Carissime:
315 1436 482 1494 Veritatem
499 1437 563 1493 dico
578 1457 667 1510 osque
681 1437 722 1494 ad
735 1444 765 1494 et
776 1437 1007 1494 sanctificatione
1017 1457 1083 1494 oum
1095 1438 1261 1495 sobrietate.

120 1517 287 1575 Secundam
301 1518 476 1574 Mottluenm
496 1518 575 1594 (otii.
596 1516 713 1593 14-17),

121 1599 159 1655 In
179 1599 230 1655 illo
248 1605 387 1674 tempore,
404 1599 480 1656 Cum
494 1600 623 1655 venisset
636 1599 658 1655 J
660 1618 725 1655 esus
745 1599 778 1654 in
799 1599 920 1656 domum
935 1600 1063 1656 Simonis
1078 1599 1161 1657 Petri
1175 1620 1264 1676 noque

59 1679 101 1736 od
113 1680 318 1756 aegrotationes
332 1681 472 1755 portavit.

168 1865 329 1922 DOMINIOA
349 1866 504 1922 VICESIMA
525 1883 666 1923 SECUNDA
687 1881 758 1922 POST
780 1865 920 1922 OCTAVAS
942 1865 1164 1923 PENTECOSTES.

124 1981 263 2052 Officium.

122 2062 154 2117 Si
174 2061 349 2136 iniquitates
369 2062 579 2131 observaveris,
595 2061 742 2132 Domin03
763 2061 901 2134 Domine,
917 2061 983 2137 quis
997 2061 1175 2118 sustinebit?
1195 2060 1265 2135 quia

58 2142 138 2217 apud
154 2149 184 2198 te
198 2142 369 2218 propitiatio
384 2149 436 2213 est,
453 2142 535 2199 Deus
549 2142 650 2200 Israel.

123 2223 270 2280 Pserimos.

122 2305 168 2360 De
182 2304 336 2379 profundis
350 2304 475 2361 clamavi
489 2304 526 2361 ad
541 2310 580 2376 te,
592 2305 738 2360 Domine:
761 2303 898 2376 Domine,
914 2304 1021 2361 exaudi
1036 2323 1136 2360 vocem
1151 2323 1254 2360 meam.

124 2385 234 2442 Oratio.

121 2467 278 2522 Familiam
298 2473 391 2537 tuam,
408 2485 583 2541 quaesumus,
600 2464 736 2536 Domine,
752 2467 893 2522 continua
914 2466 1024 2540 pietate
1045 2466 1179 2538 custodi3
1199 2471 1234 2522 ut
1248 2485 1266 2522 a

59 2549 174 2604 cunctis
195 2547 424 2605 adversitatibus
445 2553 475 2603 te
496 2552 667 2622 protegente
689 2547 728 2603 sit
748 2546 850 2618 libera,
867 2553 897 2603 et
917 2547 950 2602 in
970 2547 1055 2603 bonis
1075 2547 1191 2604 actibus
1212 2554 1265 2602 tuo

58 2628 176 2687 nomini
190 2628 230 2684 sit
244 2629 359 2686 devota.
403 2628 462 2684 Por
476 2627 647 2684 Dominum.

123 2710 173 2765 Aa
188 2709 389 2784 Philippenses
412 2709 449 2784 (i.
469 2708 533 2766 6-11
540 2709 564 2783 )

124 2790 262 2847 Fratres:
285 2790 467 2847 Confidimus
487 2791 519 2845 in
534 2789 664 2845 Domino
678 2789 699 2846 J
701 2809 760 2860 esu,
778 2789 847 2864 quia
868 2789 921 2864 qui
939 2790 1027 2865 coepit
1040 2790 1072 2845 in
1091 2789 1175 2845 vobis
1194 2809 1265 2865 opus

60 2874 173 2928 bonum
196 2891 285 2944 nsque
309 2871 350 2927 oct
372 2870 472 2927 fructu
492 2870 620 2946 justitiae
644 2890 696 2946 per
720 2871 741 2928 J
743 2890 825 2927 esum
847 2870 1008 2941 Christum,
1032 2871 1064 2927 in
1088 2871 1212 2947 gloriam
1237 2877 1266 2927 et

60 2954 181 3009 laudem
196 2952 261 3010 Dei.

126 3033 259 3090 Gboelole.

124 3115 200 3170 Ecce
214 3133 303 3189 quam
316 3114 428 3170 bonum
443 3119 472 3170 et
488 3133 577 3189 quam
586 3113 767 3187 jocundum:
789 3113 924 3169 habitare
937 3113 1044 3169 fratres
1057 3113 1090 3168 in
1104 3132 1205 3168 unum.

68 3197 96 3253 V.
126 3196 210 3251 Sicut
237 3200 424 3270 unguentum
451 3194 484 3250 in
512 3195 624 3270 capite:
655 3195 734 3268 qnod
758 3193 909 3250 descendit
932 3194 964 3248 in
988 3194 1118 3265 barbam,
1143 3194 1265 3250 barbam

61 3279 176 3335 Aaron.

71 3360 96 3414 V.
125 3357 283 3412 Mandavit
298 3355 445 3413 Dominus
459 3355 709 3412 benedictionem:
731 3361 762 3411 et
775 3355 869 3411 vitam
883 3355 1022 3430 usquein
1036 3354 1182 3411 saeculum.
1287 3419 1289 3426 Ι

124 3437 274 3513 Alleluya.
313 3438 342 3495 V.
359 3438 406 3495 De
420 3437 574 3512 profundis
587 3435 713 3492 clamavi
726 3436 764 3493 ad
777 3435 815 3508 te,
832 3437 980 3493 Domine:
1004 3436 1141 3507 Domine,
1158 3436 1267 3492 exaudi

62 3540 166 3576 vocem
182 3538 284 3575 meam.

124 3600 273 3675 Alleluya
323 3600 352 3657 V.
376 3600 487 3671 Lauda,
498 3599 597 3655 anima
611 3618 684 3669 mea,
698 3598 869 3655 Dominum.
899 3597 1040 3655 Laudabo
1055 3597 1219 3653 Dominum
1234 3598 1266 3653 in

61 3683 127 3738 vita
142 3700 224 3736 mea:
246 3682 368 3756 psallam
384 3680 448 3736 Deo
463 3700 536 3750 meo,
554 3680 695 3754 quamdiu
709 3699 766 3736 ero.

124 3761 273 3836 Alleluya.
323 3763 351 3818 V.
384 3761 443 3830 Qui
470 3768 555 3818 sanat
583 3760 726 3817 contritos
753 3759 854 3816 corde:
887 3764 917 3816 et
943 3759 1046 3835 alligat
1074 3760 1266 3816 contritiones

63 3863 174 3900 eorum.

124 3924 292 3980 Secundam
305 3922 479 3980 Mottlemma
500 3923 597 3999 (orrici.
615 3921 730 3998 23-35).

125 4006 165 4060 In
180 4004 231 4060 illo
245 4010 384 4079 tempore,
401 4003 489 4060 Dixit
504 4004 525 4061 J
527 4023 592 4060 esus
609 4002 759 4078 discipulis
780 4002 840 4058 suis
860 4002 1028 4076 parabolam
1049 4002 1143 4073 hanc;
1165 4000 1268 4058 Simile

62 4095 107 4141 ost
124 4106 248 4160 regnum
263 4087 400 4142 caelorum
420 4085 535 4142 homini
553 4084 624 4160 regi,
640 4085 692 4159 qui
705 4083 801 4140 voluit
814 4083 960 4139 rationem
973 4102 1081 4159 ponere
1095 4102 1163 4140 oum
1177 4082 1268 4139 servis

63 4169 124 4222 suis
150 4167 303 4240 usquead
326 4168 351 4224 si
372 4186 433 4223 non
457 4165 630 4223 remiseritis
655 4164 858 4239 unusquisque
885 4163 973 4220 fratri
997 4183 1049 4221 suo
1073 4165 1110 4221 de
1132 4164 1268 4221 cordibus

64 4249 178 4304 vestris.

128 4329 322 4402 Offertoriam.

127 4411 292 4467 Recordare
306 4410 384 4485 quod
399 4408 531 4466 steterim
544 4407 577 4464 in
591 4412 747 4483 conspectu
761 4412 822 4478 tuo,
834 4412 869 4462 ut
879 4406 1015 4482 loquerer
1027 4427 1081 4484 pro
1095 4407 1137 4465 eis
1147 4407 1268 4477 bonum,

67 4498 96 4547 et
110 4498 275 4548 averterem
288 4491 523 4567 indignationem
536 4495 620 4546 tnam
633 4488 671 4545 ab
685 4488 733 4545 eis
