2926 4996
355 385 452 452 Dora.
476 408 527 452 co.
546 395 623 472 post
647 387 784 454 Octavus
806 388 1016 456 Pentecosten
1229 393 1292 462 247

265 612 427 671 Dominus
447 613 605 672 Vronsuus
625 628 696 671 rosr
718 612 860 674 Oorsvss
880 615 1101 675 Pmrnoosrus.

147 733 287 810 Qffiaum.

147 816 256 873 Omnia
269 836 335 894 quae
350 816 447 874 fecisti
460 817 554 887 nobis,
570 816 708 888 Domine,
722 818 756 875 in
769 836 840 876 vero
849 818 964 895 judicio
977 819 1092 878 iecisti:
1113 821 1184 896 quia
1197 839 1297 897 pecca-

85 897 184 955 vimus
197 897 262 969 tibi,
276 903 306 954 et
320 897 469 955 mandatis
479 897 540 954 tuis
553 917 614 954 non
627 898 829 957 obedivimus:
851 900 949 958 sedda
962 901 1087 977 gloriam
1101 902 1217 959 nomini
1230 908 1293 973 tuo,

85 984 117 1037 et
130 978 176 1037 fac
190 979 343 1036 nobiscum
357 979 519 1036 secundum
533 979 758 1037 multitudinem
770 980 978 1039 mise1icordiae
993 988 1061 1040 tuse.

148 1074 294 1134 Poulmus.

148 1156 278 1233 Magnus
289 1157 437 1215 Dominus
450 1163 481 1215 et
494 1157 652 1216 laudabilis
662 1158 752 1216 nimis
763 1179 770 1218 :
783 1159 816 1216 in
830 1158 952 1218 civitate
963 1159 1023 1220 Dei
1036 1159 1139 1231 nostri,
1151 1160 1185 1218 in
1194 1166 1296 1218 monte

88 1244 189 1296 sancto
204 1239 275 1313 ejus.

152 1332 237 1392 Orto'
214 1342 262 1394 ι.ιο

150 1416 346 1492 Omnipotens
366 1423 397 1475 et
417 1415 581 1474 misericors
601 1417 693 1488 Deus,
717 1419 857 1476 universa
878 1418 964 1478 nobis
988 1418 1177 1478 adversantia
1200 1421 1297 1498 propi·
1356 1481 1357 1486 ἵ

89 1497 183 1554 tiatus
207 1497 348 1571 exclude;
376 1504 412 1555 ut
436 1505 536 1556 mente
564 1504 594 1556 et
621 1518 741 1575 corpore
768 1499 880 1575 pariter
901 1500 1126 1578 expeditique
1149 1508 1203 1560 tua
1227 1506 1298 1559 sunt

89 1578 190 1636 liberis
204 1579 354 1637 mentibus
368 1598 571 1655 exsequamur.
614 1580 680 1638 Per.

152 1676 201 1733 Ac
214 1675 409 1753 Ephesios(o.
425 1677 473 1734 15-
475 1676 538 1754 21).

151 1757 290 1814 Frtatres
311 1758 421 1815 Videte
423 1758 589 1835 ‚quomodo
602 1764 688 1817 caute
701 1757 860 1816 ambuletis
869 1778 961 1835 usquc
974 1761 1015 1817 od
1029 1718 1178 1837 subjecti
1169 1760 1297 1819 mvicem

92 1839 126 1896 in
138 1837 245 1895 timore
260 1838 380 1897 Christi.

157 1935 292 1995 Grodclc.

154 2016 242 2074 Oculi
265 2017 398 2074 omnium
421 2017 454 2074 in
480 2024 512 2075 te
532 2023 661 2094 sperant,
687 2016 836 2077 Domine:
864 2024 896 2076 et
919 2023 955 2077 tu
978 2019 1031 2076 das
1058 2018 1119 2076 illis
1146 2038 1241 2078 escam
1268 2019 1302 2076 in

95 2104 227 2175 tempore
241 2105 416 2175 opportuno.

163 2179 191 2236 V.
218 2180 312 2256 Aperi
314 2200 327 2237 s
340 2185 376 2237 tu
389 2199 511 2237 manum
524 2186 627 2238 tuam:
648 2185 679 2237 et
691 2180 798 2256 1mples
811 2199 898 2238 omne
912 2180 1023 2238 animal
1038 2180 1249 2238 benedictione

155 2260 304 2337 Alleluya
353 2261 382 2318 V.
406 2260 522 2318 Laudat
510 2268 539 2318 te
553 2261 726 2334 Dominum,
743 2281 843 2319 omnes
856 2267 975 2339 gentes:
997 2268 1029 2320 et
1045 2261 1210 2320 collaudate
1223 2280 1301 2332 eum,

97 2362 199 2401 omnes
212 2341 322 2418 populi,

158 2439 325 2498 Secundum
338 2437 406 2496 Μαι
408 2438 434 2496 Ι
396 2448 514 2497 (cum
534 2439 622 2517 (uait.
641 2440 735 2516 1-14)

159 2521 199 2577 In
218 2521 270 2578 illo
290 2526 431 2597 tempore,
448 2520 639 2597 Loquebatur
652 2521 674 2579 J
675 2541 741 2581 esus
760 2540 826 2578 oum
840 2520 993 2597 discipulis
1014 2521 1074 2579 suis
1095 2521 1127 2578 in
1147 2519 1304 2598 parabolis,

97 2602 213 2674 dicens,
235 2601 338 2658 Simile
351 2603 463 2659 factum
477 2607 522 2659 est
535 2622 660 2678 regnum
674 2602 812 2659 coelorum
825 2602 941 2659 homini
954 2602 1025 2680 regi,
1039 2601 1092 2678 qui
1104 2603 1175 2661 fecit
1185 2602 1306 2678 nuptias

99 2684 228 2742 filiosuo
247 2683 393 2758 usquead
414 2683 508 2740 Multi
521 2684 599 2740 enim
615 2688 686 2740 sunt
699 2682 808 2756 vocati,
822 2684 911 2759 pauci
923 2702 994 2742 vero
1008 2684 1102 2743 electi.

163 2779 355 2854 Offertorium.

161 2862 255 2937 Super
275 2861 400 2920 fiumina
413 2861 584 2941 Babylonis,
598 2861 661 2919 illic
682 2862 811 2920 sedimus
831 2868 863 2920 et
882 2861 1036 2922 flevimus:
1057 2863 1130 2922 dum
1145 2862 1310 2921 recordare

103 2963 171 3003 mur
184 2943 239 3016 tui,
256 2942 336 3001 Sion.
1341 2950 1342 2953 ’

163 3041 284 3100 Secreto.

162 3122 237 3180 Haec
253 3142 385 3194 munera,
401 3142 579 3198 quaesumus,
594 3122 732 3192 Domine,
748 3141 814 3198 quse
835 3122 928 3180 oculis
947 3129 1008 3180 tuae
1029 3124 1194 3199 majestatis
1214 3122 1311 3180 offeri-

102 3224 176 3273 mus,
192 3204 335 3261 salutaria
348 3223 410 3261 esse
424 3204 511 3261 nobis
525 3204 658 3262 concede.
702 3203 768 3260 Per.

167 3301 349 3361 Coruncanio

164 3383 317 3440 Memento
338 3383 422 3440 verbi
442 3382 489 3440 tui
509 3401 594 3440 servo
614 3387 677 3453 tuo,
693 3381 829 3453 Domine,
852 3381 885 3438 in
905 3400 964 3458 quo
984 3381 1060 3438 mihi
1080 3399 1162 3458 spem
1183 3380 1312 3439 dedisti:
1390 3418 1402 3432 ι

104 3464 168 3522 haec
181 3485 228 3522 me
241 3464 392 3521 consolata
407 3470 451 3521 est
465 3465 497 3520 in
511 3462 682 3521 humilitate
695 3482 769 3523 mea.

167 3560 409 3618 Postcommncio.

144 3642 231 3698 'Tua
251 3662 313 3714 nos,
333 3642 470 3712 Domino,
492 3642 676 3699 medicinalis
696 3641 836 3717 operatio,
852 3647 882 3699 et
901 3660 919 3697 a
939 3642 1049 3698 nostris
1069 3640 1313 3716 perversitatibus

105 3724 264 3781 clementer
278 3723 425 3799 expediat,
441 3730 471 3780 et
485 3724 545 3780 tuis
558 3723 648 3782 saciat
662 3742 777 3799 semper
789 3723 933 3781 inhorrere
947 3721 1102 3779 mandatis.
1146 3721 1213 3779 Per.

579 3949 681 4006 anrr
702 3949 841 4020 Qunam.

169 4087 220 4146 Ac
236 4087 497 4147 Tlessodmiconscs
516 4088 553 4166 (2
574 4088 618 4146 iii.
636 4087 738 4165 6-13).

170 4168 309 4228 Fratres:
342 4170 562 4228 Denuntiamus
587 4169 672 4226 vobis
695 4169 728 4226 iu
751 4169 871 4227 nomine
897 4188 988 4245 acque
1010 4169 1052 4227 ool
1073 4167 1168 4227 nolite
1193 4167 1318 4228 deficere

107 4250 334 4322 benefacientes,
350 4251 389 4308 In
404 4250 523 4308 Christo
537 4251 559 4309 J
560 4269 611 4307 esu
627 4250 756 4308 Domino
770 4256 880 4308 nostro.

170 4355 341 4415 Secundum
354 4356 468 4414 lucum
482 4355 556 4432 (xic.
575 4355 690 4433 12-15).

173 4438 212 4494 In
226 4437 278 4494 illo
299 4443 439 4514 tempore,
454 4437 581 4495 Dicebat
593 4437 616 4496 J
618 4457 684 4495 esus
704 4437 822 4496 cuidam
842 4438 970 4515 principi
984 4437 1222 4497 Pharisaeorum:
1244 4435 1321 4495 Cum

111 4519 184 4579 iacis
197 4519 356 4596 prandium
370 4539 461 4595 usquo
474 4520 515 4577 od
528 4538 635 4594 panem
648 4519 682 4576 in
695 4539 787 4596 regno
801 4519 867 4578 Dei.
