2926 4996
129 357 171 419 26
518 353 566 417 Ia
579 352 797 418 Festoscactc'
813 351 952 417 thoraca

190 521 292 674 gisiaci?
293 564 349 678 hro
362 601 408 677 cuj
413 621 446 658 us
460 601 591 658 Ecclesia
604 601 746 678 gloriosus
760 606 873 676 martyr
887 607 918 658 et
930 601 1066 677 pontifex
1079 600 1208 658 Thomas
1229 600 1329 677 gladiis

129 683 289 758 impiorum
309 683 465 755 occubuit3
495 690 612 759 praesta,
634 702 810 758 quaesumus,
832 688 868 739 ut
890 682 1063 757 omnesqui
1086 682 1149 757 ejus
1173 682 1330 758 implorant

129 764 284 900 {axilium
327 764 481 840 petitionis
521 783 580 820 suae
616 765 776 821 salutarem
810 769 1028 838 consequantur
1067 763 1212 820 effectum.
1277 762 1331 819 Per

164 864 304 902 ominum.

192 939 266 1022 [Uti
285 961 345 1000 aaa
365 943 475 1000 dicitur
495 943 592 999 Missa
611 942 784 1017 capitularis
801 942 941 999 dicantar
953 942 1097 1000 memoriae
1111 943 1146 998 de
1164 941 1199 998 N
1196 940 1330 1010 atieitate,

130 1026 164 1081 de
177 1031 275 1082 sancto
289 1023 440 1100 Stephano,
456 1025 490 1080 de
504 1032 602 1081 sancto
616 1022 761 1095 Joltcaae,
776 1033 801 1081 et
822 1025 857 1080 de
870 1021 1195 1082 Iaaoceatibm.—MS.
1212 1019 1266 1101 1).]

191 1104 331 1180 Epastolo.
373 1104 479 1162 Justus
492 1104 518 1160 si
531 1111 633 1161 morte.

192 1233 267 1290 Edd.
300 1233 359 1290 and
393 1232 459 1291 MS.
491 1231 710 1292 C.—-Gradole.
816 1231 893 1312 [MS.
907 1231 1115 1290 D.—Cradale
1129 1252 1149 1289 a
1163 1231 1277 1290 duobus
1292 1232 1333 1290 Vi-

132 1315 271 1386 Posuisti,
293 1314 429 1371 Domine.
471 1313 620 1390 Alleluya.
670 1315 711 1371 Va
755 1315 844 1372 cartis
858 1315 892 1371 ia
901 1313 1017 1390 pulpito
1027 1312 1150 1371 dicotur.
1196 1312 1332 1384 Posuisti,

133 1394 234 1452 Gloria
247 1401 277 1452 et
291 1395 401 1453 honore
417 1395 571 1452 coronasti.
756 1395 892 1467 Domine,
901 1395 1058 1470 Repetatur
1068 1393 1203 1451 Crudele.
1214 1393 1332 1463 Deinde,

756 1477 874 1533 dicatur
901 1496 921 1534 a
948 1475 1033 1533 turbo
1055 1475 1090 1532 a'a
1113 1474 1208 1532 medii)
1232 1474 1332 1533 Chore.

758 1556 907 1634 Alleluya.
952 1555 1054 1614 Gloria
1068 1561 1098 1614 et
1112 1552 1247 1636 honore]

192 1690 348 1765 Sequentia
363 1687 394 1769 [a
408 1689 575 1747 dacceatme
589 1689 867 1764 tramittam-MS.
884 1687 934 1770 1).]

457 1804 514 1880 Spe
528 1803 668 1861 mercedis
683 1810 713 1861 et
727 1823 840 1861 coronae

498 1884 589 1941 Stetit
611 1884 738 1941 Thomas
751 1885 782 1940 in
797 1904 890 1961 agone

498 1964 549 2021 Ad
563 1970 689 2022 mortem
702 1966 840 2022 obediens
854 1987 860 2022 :

458 2046 559 2102 Morte
577 2046 729 2103 Christum
747 2047 890 2118 imitatae,

498 2127 572 2184 Fide
585 2127 687 2184 firmus
701 2133 731 2184 et
747 2127 890 2198 firmatus,

497 2208 598 2265 Firmo
612 2228 712 2285 gressu
725 2209 868 2285 gradiens.

458 2289 546 2347 Furit
558 2289 641 2346 furor
656 2289 802 2361 militaris,

499 2369 546 2428 Ut
559 2371 607 2426 vir
620 2389 701 2427 sacra
717 2371 805 2427 sacris
818 2370 877 2427 aris

499 2451 677 2507 Immoletur
690 2451 794 2508 hostia.

459 2532 554 2600 Quem
569 2531 706 2588 occidunt
719 2539 749 2588 et
763 2532 895 2603 scientes,

498 2612 699 2669 Introducunt
711 2614 874 2669 nescientes

499 2692 552 2748 Ad
566 2698 675 2749 aetema
688 2693 804 2768 gaudia.

459 2772 571 2829 Christi
584 2773 669 2829 fortis
682 2773 730 2829 hic
744 2773 865 2845 athleta,

500 2853 560 2921 Qui
573 2854 671 2910 subire
685 2860 784 2911 mente
797 2854 866 2910 laeta

500 2933 632 2991 Mortem
645 2954 706 2991 non
720 2934 882 3003 abhorruit,

460 3015 508 3072 Ut
525 3015 565 3072 sit
578 3015 656 3072 salus
672 3016 857 3072 infirmorum

501 3096 542 3153 Et
555 3096 668 3153 medela
681 3097 896 3173 languidorum,

503 3177 638 3235 Gratiam
650 3178 821 3254 promeruit.

461 3258 546 3330 Caeci,
561 3259 651 3330 surdi,
667 3259 771 3330 claudi,
787 3258 872 3329 muti,

502 3339 579 3396 Sunt
593 3339 629 3396 ad
644 3359 728 3396 usum
743 3339 876 3397 restituti

501 3419 613 3476 Divina
627 3419 789 3477 clementia.

461 3500 532 3557 Non
546 3507 591 3557 est
604 3503 731 3572 morbus,
745 3520 833 3577 quem
846 3520 906 3557 non
920 3508 1022 3573 curet3

503 3580 585 3637 Dum
598 3583 842 3658 morbosumnon
856 3582 981 3639 obduret

503 3662 598 3718 Tanta
610 3662 781 3719 diffidentia.

462 3743 573 3799 Hostes
587 3742 699 3800 Christi
714 3743 832 3800 Christo
842 3743 959 3816 cedunt,

503 3823 594 3900 Signa
607 3824 698 3900 signis
712 3824 783 3880 dum
796 3825 964 3897 succedunt,

502 3905 690 3980 Argumenta
704 3905 779 3963 fidei.

462 3986 541 4061 Ergo
555 3991 668 4061 martyr
681 3986 842 4055 invocetur,

504 4066 551 4123 Ut
563 4085 616 4143 per
629 4086 697 4123 eum
711 4067 796 4123 nobis
809 4067 898 4124 detur

500 4147 552 4203 Ad
566 4167 693 4224 superna
706 4147 836 4223 provehi.

200 4306 394 4381 anayela’um
415 4305 461 4387 [ia
476 4310 594 4386 palpato
614 4311 843 4386 leuatum—MS.
859 4310 912 4391 1).]
954 4313 1017 4390 Ego
1038 4333 1102 4371 sum
1124 4320 1225 4390 pastor
1242 4315 1348 4387 bonus,

140 4408 234 4461 qriaerc
247 4387 282 4444 ta
295 4388 454 4446 Dominica
467 4393 594 4449 sacranda
604 4402 671 4468 post
685 4393 808 4452 Pascha.

201 4467 303 4526 Credo.
