2926 4996
187 362 229 421 20
563 355 611 418 In
624 353 718 418 Festo
732 353 843 418 sancti
857 352 1028 438 Stephani.

245 523 287 580 In
301 524 347 580 (iic
360 522 455 580 sancti
471 520 613 597 Stephani
630 521 726 578 Missa
743 519 917 596 cropitalnris
934 522 969 578 de
985 520 1020 577 N
1018 521 1149 579 atioitate
1169 523 1280 580 dicitnr
1297 523 1392 580 eodem

185 605 286 662 ordine
299 613 334 661 at
347 604 381 659 in
401 603 506 676 Vipiiia
520 602 640 659 Natalis
653 601 783 672 Domini,
799 622 865 658 cam
878 602 912 658 in
924 601 1081 660 Dominioa
1095 604 1223 664 evenerit.

248 685 386 759 Officinni.
431 683 511 741 Puer
523 689 620 740 natus.
663 683 711 739 Ps.
736 683 862 739 Caritate
876 681 906 738 ii.
951 683 1053 740 Gloria
1066 683 1158 740 Patri.
1201 684 1282 741 Puer
1295 693 1390 743 natus

187 766 283 842 Kyrie
296 756 420 841 eleysonss
465 764 567 822 Gloria
585 764 617 820 in
637 763 767 834 excelsis,
790 763 915 820 Sanctus
934 773 959 821 et
981 763 1097 840 Agnus,
1119 774 1154 821 nt
1174 764 1208 822 in
1230 785 1392 824 comneemo-

185 847 297 904 rationo
311 847 405 903 sancti
423 845 562 902 Willetmi.
608 843 715 901 Oratio.
749 843 881 901 Concede
895 863 1069 919 quaesumus.
1113 844 1254 921 Epistola.
1288 847 1393 904 Multi-

185 929 264 985 farie.
297 926 431 984 Crudele.
478 925 638 982 Viderunt.
681 924 829 1000 Alleluya.
879 924 907 981 V.
940 925 1013 982 Dies
1037 927 1244 985 sanctificatus.
1299 929 1392 986 Nalla

185 1010 301 1066 dicatnr
328 1006 489 1081 Seqnontia.
538 1005 732 1079 annpeiiam
758 1002 862 1084 [jacta
882 1004 983 1063 Altare
1004 1006 1232 1081 deputam—MS.
1249 1006 1303 1088 D.]
1353 1010 1391 1065 ln

184 1088 347 1166 principio:
383 1096 409 1145 et
429 1087 547 1144 dicatur
568 1085 668 1143 Credo,
714 1084 814 1145 Cetera
835 1087 934 1144 onmia
954 1087 1029 1144 siem
1055 1088 1090 1144 in
1116 1089 1225 1146 dicad
1253 1109 1392 1164 maynam

186 1170 316 1227 dhisum.

246 1248 368 1307 *Finito
387 1249 484 1306 Mirm
504 1249 643 1305 dicantar
664 1246 835 1324 Antiphona
855 1257 881 1306 et
903 1247 1004 1306 Oratio
1022 1247 1056 1305 dc
1077 1258 1179 1307 sancta
1200 1250 1307 1308 Maria
1328 1272 1393 1309 cnm

185 1330 350 1404 Eortnpdio.
392 1329 502 1386 Missus
515 1327 589 1386 est*

244 1411 334 1470 tHoec
367 1411 463 1467 Missa
497 1410 624 1466 dicatar'
648 1410 775 1484 quotidie
801 1430 891 1485 asqac
918 1411 959 1466 ad
989 1408 1242 1470 Ciroanicisionem
1270 1412 1394 1471 Domini

180 1501 378 1566 praterqnnm
404 1491 439 1547 in
465 1499 544 1548 senta
569 1489 654 1565 feria
681 1511 701 1547 a
728 1491 891 1548 Natiuitate
917 1490 1048 1562 Domini,
1078 1492 1130 1549 ahi
1156 1493 1275 1550 edicatur
1303 1503 1394 1552 totam

184 1572 344 1630 Servitium
357 1573 392 1629 do
405 1571 569 1629 Natiuitato
583 1592 649 1642 cam
662 1572 807 1629 nientoriis
821 1571 1051 1646 conprnentibns,
1064 1581 1099 1629 nt
1112 1573 1196 1648 infra
1209 1583 1339 1633 notatur.

572 1734 611 1791 In
632 1751 685 1791 nm
706 1751 812 1792 saron
834 1734 998 1794 Srnrnnnr.

243 1863 359 1945 [Finita
366 1865 553 1940 processione,
568 1865 595 1920 si
608 1864 766 1922 Dominica
776 1864 883 1939 faerit,
898 1876 933 1922 at
946 1867 981 1923 in
993 1865 1205 1925 Procescionali
1219 1869 1391 1938 coritinetnr,

183 1946 323 2004 Diaconis
336 1955 362 2003 et
375 1944 568 2003 Snbdiaconis
582 1945 615 2001 in
629 1945 711 2002 choro
722 1946 883 2003 ordinatim
896 1947 1066 2018 astantibus,
1079 1969 1159 2006 anns
1169 1949 1331 2021 Diaconos,
1343 1952 1392 2007 oni

183 2028 346 2085 Pracentor
359 2027 536 2102 imposuerit,
555 2026 679 2101 incipiat
695 2025 943 2100 Officium-MS.
960 2025 1013 2107 D.]

243 2120 292 2178 Ad
313 2121 445 2179 Missam.
490 2120 631 2194 Officium.

243 2203 365 2260 Etenim
387 2202 526 2259 sederunt
547 2201 694 2277 principes
716 2206 747 2258 et
768 2201 924 2258 adversum
945 2220 993 2258 mc
1014 2202 1219 2278 loquebantur,
1244 2211 1275 2260 et
1297 2204 1395 2281 iniqui

181 2285 326 2362 persecuti
351 2289 422 2340 sunt
443 2302 498 2340 me.
550 2282 673 2356 Adjuva
695 2302 751 2354 me,
771 2282 900 2339 Domine
917 2282 1000 2339 Deus
1014 2303 1106 2355 meus,
1121 2283 1190 2359 quia
1205 2303 1309 2342 servus
1323 2291 1395 2342 tuus

183 2366 373 2423 exercebatur
386 2365 420 2421 iu
433 2364 495 2421 tuis
511 2364 783 2440 justificationibus.
815 2380 816 2383 ’

243 2447 387 2504 Psalmis.

244 2525 331 2584 Beati
343 2525 527 2583 immaculati
540 2525 572 2581 in
586 2524 651 2580 via:
674 2525 726 2600 qui
740 2523 894 2582 ambulant
908 2525 939 2582 in
954 2526 1017 2601 lege
1032 2525 1163 2586 Domini.

246 2603 355 2685 [Kyrie
369 2607 472 2664 scilicet
486 2606 555 2662 Lux
569 2611 599 2662 et
613 2605 702 2681 orig0.
747 2605 849 2662 Gloria
862 2607 894 2662 in
908 2606 1147 2664 excelsis—MS.
1165 2604 1218 2687 D.]

246 2687 353 2744 Oratio.

245 2767 294 2843 Da
306 2768 400 2839 nobis,
416 2786 591 2844 quaesumus,
607 2767 745 2838 Domine,
760 2767 873 2824 imitari
893 2768 971 2843 quod
988 2767 1120 2840 colimus,
1136 2774 1172 2826 ut
1193 2768 1341 2827 discamus
1362 2778 1396 2828 et

184 2849 318 2907 inimicos
338 2849 478 2924 diligere:
507 2848 577 2923 quia
598 2849 662 2923 ejus
684 2848 820 2905 natalitia
844 2849 1031 2921 celebramus
1048 2850 1099 2924 qui
1120 2849 1206 2907 novit
1228 2851 1320 2908 etiam
1340 2871 1397 2928 pro

183 2930 418 3007 persecutoribus
445 2948 567 2986 exorare
594 2928 757 2985 Dominum
791 2935 927 2987 nostrum
959 2929 1065 2988 «lesum
1093 2929 1247 2988 Christum
1280 2931 1396 2989 Filium

184 3020 278 3069 tuum.
323 3011 383 3080 Qui
403 3016 508 3068 tecum.

250 3091 279 3148 U
277 3092 306 3149 bi
318 3111 378 3148 non
387 3091 486 3166 faerit
500 3091 594 3148 Missa
609 3089 791 3166 Capitalaris
804 3092 890 3163 dicta,
903 3092 1015 3149 dicetur
1028 3093 1167 3150 memoria
1181 3093 1214 3150 dc
1228 3092 1396 3152 Natiuitate

187 3194 252 3231 cnm
264 3172 409 3244 Oratione,
425 3172 558 3230 Concede
572 3192 746 3247 quaesumus,
765 3181 791 3229 et
807 3173 847 3230 sic
858 3192 911 3248 per
927 3172 1053 3230 Oetaeas.

247 3254 342 3312 Lectio
355 3252 484 3311 Aetnam
497 3253 699 3328 Apostolorum
711 3254 767 3327 (ui.
785 3254 863 3325 8-10,
878 3254 925 3310 oii.
944 3253 1058 3330 54-60).

247 3335 286 3391 In
317 3335 420 3392 diebus
453 3333 522 3406 illis,
553 3333 719 3410 Stephanus
748 3334 852 3410 plenus
879 3334 975 3410 gratia
1004 3340 1035 3391 et
1061 3335 1237 3393 fortitudine
1266 3334 1398 3394 faciebat

187 3417 319 3494 prodigia
340 3421 371 3473 et
392 3415 476 3492 signa
495 3427 603 3491 'magna
626 3415 659 3471 in
685 3415 801 3490 populo.
859 3415 1059 3472 Surrexerunt
1085 3422 1185 3473 autem
1201 3415 1335 3493 quidam
1359 3419 1397 3474 de

187 3518 341 3575 synagoga,
365 3517 430 3573 quae
451 3495 654 3572 appellabatur
676 3495 908 3568 Libertinorum,
923 3502 953 3553 et
972 3496 1193 3572 Cyrenensium,
1211 3504 1243 3554 et
1260 3498 1396 3555 Alexan-

188 3580 350 3651 drinorum,
378 3584 409 3636 et
435 3597 535 3635 eorum
570 3576 623 3652 qui
650 3582 734 3633 erant
761 3596 779 3633 a
806 3577 910 3634 Cilicia
937 3583 967 3634 et
994 3577 1078 3650 Asia,
1106 3578 1293 3654 disputantes
1326 3599 1398 3637 cum

189 3660 355 3736 Stephano:
376 3669 407 3717 ct
420 3678 481 3715 non
491 3663 629 3734 poterant
642 3657 776 3714 resistere
790 3658 940 3733 sapientia
955 3664 986 3714 et
997 3658 1130 3734 Spiritui,
1144 3659 1197 3735 qui
1206 3660 1392 3735 loquebatur.

188 3741 355 3798 Audientes
369 3746 469 3797 autem
482 3740 544 3796 hoec
558 3738 779 3795 dissecabantur
796 3739 931 3796 cordibus
945 3739 1013 3810 suis,
1028 3745 1058 3796 et
1071 3740 1236 3797 stridebant
1257 3741 1397 3799 dentibus

189 3823 222 3879 in
236 3840 310 3879 enm.
354 3822 429 3878 Cum
442 3828 542 3878 autem
556 3825 631 3877 esset
654 3819 820 3894 Stephanus
841 3820 946 3895 plenus
968 3820 1082 3896 Spiritu
1105 3821 1221 3892 Sanct0,
1237 3821 1397 3879 intendens

189 3903 222 3960 in
236 3902 346 3973 caelum,
362 3903 438 3958 vidit
451 3901 574 3978 gloriam
589 3899 656 3971 Dei,
671 3905 701 3956 ct
714 3900 736 3957 J
738 3920 819 3957 esum
839 3907 967 3958 stantem
985 3921 1003 3957 a
1020 3901 1133 3958 dextris
1146 3901 1269 3960 virtutis
1283 3903 1350 3973 Dei,
1365 3910 1396 3960 et

188 3984 231 4040 ait
241 4004 249 4054 3
263 3982 338 4039 Ecce
348 3983 433 4039 video
444 3983 528 4040 coelos
541 3987 665 4058 apertos,
678 3987 708 4039 et
719 3981 831 4039 Filium
841 3981 969 4039 hominis
979 3988 1108 4039 stantem
1117 4002 1136 4039 a
1146 3983 1259 4040 dextris
1271 3983 1395 4041 virtutis

189 4065 256 4122 Dei.
311 4063 519 4120 Exclamantes
549 4069 655 4120 autem
678 4082 749 4120 voce
776 4083 883 4139 magna
910 4063 1122 4120 continuerunt
1148 4083 1233 4122 aures
1259 4083 1336 4137 suas,
1364 4070 1396 4122 et

188 4147 332 4220 impetum
354 4145 487 4200 fecerunt
508 4143 689 4201 unanimiter
712 4144 745 4200 in
766 4164 841 4201 eum.
899 4144 940 4200 Et
960 4144 1109 4219 ejicientes
1129 4164 1198 4201 eum
1217 4149 1305 4204 extra
1325 4144 1396 4202 civi·

188 4234 289 4297 tatem,
313 4224 504 4301 lapidabant:
532 4231 563 4281 et
584 4231 674 4283 testes
695 4225 894 4302 deposuerunt
915 4225 1091 4287 vestimenta
1119 4244 1172 4283 sua
1198 4244 1280 4284 secus
1306 4225 1395 4303 peden

247 4372 260 4399 *
277 4368 329 4416 Om.
342 4367 396 4415 MS.
410 4367 437 4414 C.

248 4445 261 4513 ἵ
277 4443 331 4491 MS.
344 4442 458 4512 C3-Hcrc
473 4441 549 4510 Mirm
567 4442 766 4511 qnotidio'dioitar
778 4457 824 4501 per
843 4444 939 4489 Oetaeas
956 4443 982 4512 in
1000 4442 1113 4503 Copitnlo,
1130 4459 1180 4492 cnm
1195 4444 1243 4493 dieo
1259 4444 1312 4505 ma
1326 4444 1394 4493 Mn

188 4505 285 4567 alternus
294 4504 372 4549 Sancte
382 4515 457 4547 incon
470 4501 598 4546 Lectionum
605 4500 684 4560 fiant
694 4508 811 4563 oramate,
824 4517 873 4549 arn
882 4517 994 4549 meinorato
1004 4503 1181 4565 cooprumtiias.
