2926 4996
152 382 165 397 ,
195 335 257 396 184
665 331 785 396 Oarion
805 331 926 397 Misero.

376 497 452 556 Eoo.
1007 498 1072 557 MS.
1086 449 1127 557 D.

194 605 216 663 J
218 604 342 662 ohannis
362 610 393 662 εὴ
407 603 504 678 Pauli,
520 603 632 661 (losmae
649 610 680 662 εὴ
696 600 865 676 Damiani‚*
880 609 911 661 et
925 603 1058 661 omnium
1072 604 1248 662 Sanctorum
1266 608 1400 678 tuorum,

195 721 320 777 quorum
340 701 454 758 meritis
473 701 665 777 precibusque
685 702 834 773 concedas,
857 707 893 759 ut
912 700 945 757 in
966 701 1102 759 omnibus
1125 701 1320 778 protectionis
1340 709 1402 761 tuae

195 798 364 858 muniamur
377 799 497 857 auxilio.
541 799 601 857 Per
617 799 743 856 eundem
758 798 910 857 Christum
923 799 1086 856 Dominum
1100 795 1244 861 nostruin.
1288 802 1398 859 Amen.

195 897 256 955 Hic
267 896 402 971 respiciat
415 895 553 954 Hostiam
571 916 637 954 cam
676 896 737 955 Hic
749 897 884 973 respiciat
895 897 1034 956 Sacerdos
1041 897 1179 956 Hostiam
1192 918 1305 974 meque
1322 918 1401 958 oeno

195 977 381 1050 oemrotiono,
397 977 513 1037 dicens:
677 978 797 1053 rationo,
813 978 910 1036 dicem
919 1002 929 1038 :

256 1155 346 1212 Hanc
359 1154 452 1230 igitur
465 1155 644 1213 oblationem
656 1157 810 1215 servitutis
822 1162 940 1229 nostroe,
956 1156 1006 1213 sed
1020 1162 1051 1214 et
1064 1161 1177 1213 cunctae
1192 1156 1314 1214 familiae
1328 1163 1395 1232 tuae,

196 1273 371 1330 quaesumus,
387 1253 523 1324 Domine,
537 1259 573 1311 ut
586 1254 719 1331 placatus
737 1255 868 1332 accipias,
884 1255 1003 1330 diesque
1016 1259 1132 1312 nostros
1145 1254 1177 1310 in
1191 1259 1245 1311 tua
1257 1275 1331 1331 pace
1344 1256 1398 1314 dis·

195 1371 296 1430 ponas,
310 1357 399 1428 atque
418 1352 457 1409 ab
477 1357 587 1410 aeterna
607 1352 795 1410 damnatione
815 1371 869 1408 nos
889 1351 971 1426 eripi,
991 1355 1021 1407 et
1041 1350 1072 1406 in
1095 1349 1256 1407 electorum
1276 1357 1396 1410 tuorum

191 1451 297 1527 jubeas
310 1471 397 1528 grege
409 1451 567 1509 numerari.
610 1450 670 1508 Per
683 1449 834 1506 Christum
849 1448 1012 1505 Dominum
1025 1452 1167 1505 nostrum.
1210 1448 1322 1507 Amen.
1405 1500 1408 1507 .

196 1548 297 1625 sopra
312 1547 444 1607 Calicem.
669 1545 1394 1622 HicitcramrespiciotSocerdosHostiom‚dicem:

214 1653 215 1656 ’
257 1646 353 1716 Quam
380 1647 559 1705 oblationem
585 1654 630 1721 tu,
658 1646 741 1704 Deus
767 1647 960 1723 omnipotens,
988 1643 1021 1700 in
1048 1643 1192 1715 omnibus,
1217 1663 1393 1720 quaesumus,

176 2001 423 2083 beneffidictam,
458 2001 664 2082 ascrifflptam,
700 2000 844 2082 mffltam,
879 2000 1093 2073 rationabilem,
1129 1984 1396 2078 acceptabilemque

433 2100 528 2159 facere
542 2100 680 2178 digneris
695 2106 730 2158 ut
744 2099 830 2157 nobis

583 2356 729 2438 corfflpus

189 2545 219 2597 ct
247 2537 404 2618 sanfflguis
431 2540 485 2595 fiat
511 2537 694 2595 dilectissimi
721 2536 793 2593 Filii
820 2535 868 2593 tui
895 2534 1020 2592 Domini
1046 2535 1142 2593 nostri
1168 2534 1244 2594 Jesu
1272 2535 1453 2595 (thrimi-

188 2639 247 2696 IIic
261 2637 353 2713 eripot
366 2637 504 2695 Sacerdos
524 2657 632 2694 mcum
671 2634 731 2692 Hic
751 2634 843 2709 eriyot
861 2654 969 2692 monuo
985 2641 1094 2691 euocet
1108 2632 1275 2708 conjaopot,
1290 2643 1317 2693 ct
1329 2655 1454 2712 pou*-

187 2729 213 2778 ot
229 2719 385 2794 corcy'aoyot
396 2743 405 2777 :
421 2727 522 2793 posteo
540 2725 631 2791 torqot
672 2725 718 2774 teo
731 2724 822 2791 torpet
835 2714 941 2789 <licitos
958 2735 1024 2772 euos
1045 2724 1218 2772 consecratos
1238 2736 1327 2791 saper
1339 2716 1452 2774 lita.-

188 2801 303 2939 ccilipitoa
327 2808 353 2858 ot
380 2799 462 2857 elevet
481 2798 628 2870 Hostiam,
670 2797 818 2855 liternino
830 2794 946 2853 Altosris
963 2805 989 2853 et
1002 2795 1244 2868 eloootHoetiosoc‚
1260 2797 1375 2857 dicens:

211 2900 306 2940 occas:

250 2977 309 3047 Qui
329 2975 424 3054 pridie
445 2996 534 3053 quam
553 2980 713 3053 pateretur,
728 2972 839 3050 accepit
859 2992 964 3049 panem
982 2973 1016 3029 in
1034 2977 1149 3030 sanctas
1162 2992 1197 3031 ec
1210 2973 1433 3032 venerabiles

329 3094 434 3132 manus
448 3094 523 3148 suas,
538 3081 569 3132 εὴ
583 3073 704 3131 elevatis
718 3072 810 3129 oculis
823 3071 856 3127 in
870 3070 974 3128 coelum

670 3171 730 3228 Hic
744 3170 825 3228 elevet
838 3168 934 3227 oculos
947 3188 1023 3239 suos,

320 3269 358 3326 ad
370 3274 402 3327 te
415 3271 514 3328 Deum
527 3274 642 3346 patrem
655 3288 742 3325 suum
755 3266 997 3343 omnipotentem,

668 3365 728 3503 {llic
748 3364 867 3422 inclinet
887 3382 914 3421 se
932 3373 958 3422 ct
975 3363 1058 3421 eicoet
1070 3362 1209 3421 Hostium
1217 3330 1388 3440 pintolam,

691 3465 767 3504 iocos
776 3469 786 3505 .·

487 3545 556 3604 Tibi
576 3544 685 3622 gratias
706 3562 804 3619 agens,

545 3718 741 3800 beneffldixit

563 3904 595 3942 ao
617 3883 715 3959 fregit,

667 3981 727 4038 Hic
740 3987 843 4054 tenpot
855 3978 993 4036 Hostiam
1012 3976 1075 4035 sinc
1093 3976 1193 4052 aliquo
1213 3977 1297 4053 abac
1313 3976 1382 4039 froc

670 4061 766 4132 tionis,
781 4060 896 4118 dicens:

145 4222 148 4227 ,
186 4165 325 4242 deditque
346 4162 496 4239 discipulis
515 4161 586 4233 suis,
608 4160 715 4232 dicens,
737 4159 874 4236 Accipite
893 4164 924 4216 et
945 4156 1120 4214 manducate
1141 4175 1180 4212 ex
1199 4155 1257 4214 hoc
1276 4176 1380 4221 omnes

427 4259 496 4317 Hoc
510 4264 554 4316 est
569 4258 648 4316 enim
662 4276 767 4334 corpus
781 4275 887 4314 meum.

231 4420 244 4445 ·
259 4416 312 4462 MS.
323 4418 347 4462 A
362 4414 422 4461 adds
436 4415 557 4460 “Necnon
572 4417 596 4460 et
610 4413 708 4460 illorum
722 4426 823 4472 quorum
837 4411 907 4457 hodie
923 4410 1045 4457 sollemnis
1060 4409 1088 4456 in
1102 4412 1232 4470 conspectu
1242 4409 1329 4471 glories
1338 4415 1386 4459 tus

121 4557 126 4565 Ι
185 4490 317 4539 celebratur
332 4487 471 4548 triumphus
479 4487 535 4530 '’-c
548 4485 597 4531 line
611 4487 655 4531 has
671 4485 732 4531 been
746 4485 831 4530 drawn
844 4482 953 4542 through
966 4482 994 4528 it.
