2926 4996
279 368 382 434 Feria
402 369 459 434 VI.
477 369 643 450 Quattuor
660 370 861 456 Temperare
874 369 1060 436 Adoeatae.
1249 372 1270 439 7

136 535 246 596 Verere.
293 536 425 594 Laudem
446 536 569 593 Domini
588 537 726 614 loquetur
746 557 778 595 os
798 556 919 595 meum:
951 544 982 595 et
1001 536 1156 596 benedicat
1176 539 1271 596 omnis

68 637 136 675 caro
149 637 260 675 nomen
273 624 408 674 sanctum
421 618 491 693 ejus.
1288 619 1289 623 ’

131 697 259 756 Gradale
267 708 335 773 post
356 699 474 755 Versum
487 707 640 774 repetatur.

129 777 285 854 Sequentia
299 779 393 836 sancti
406 779 567 853 Evcayelii.
609 778 776 837 Secaadara
791 778 904 837 Lacara
917 780 954 857 (i.
972 780 1086 858 att-38)

131 859 170 916 In
194 859 246 916 illo
270 865 410 935 tempore,
433 859 544 917 Missus
568 865 612 918 est
634 860 769 936 Angelus
793 860 914 918 Gabriel
937 880 955 918 a
979 860 1044 918 Deo
1067 862 1098 917 in
1121 861 1273 923 ¹civitatem

69 940 210 1013 Galilaeae,
234 961 325 1015 aeque
348 941 389 997 ad
413 940 488 998 Ecce
510 940 617 998 ancilla
631 941 772 1013 Domini,
797 943 849 998 liat
870 941 944 998 mihi
967 941 1128 999 secundum
1148 943 1272 1000 verbum

68 1030 164 1079 tuum.

132 1102 324 1175 Offertoriaar.

129 1184 198 1239 Ave
212 1182 318 1254 Maria,
334 1183 431 1259 gratia
444 1182 530 1258 plena
543 1203 553 1255 3
576 1183 723 1240 Dominus
737 1187 835 1240 tecum
849 1204 855 1240 :
879 1183 1034 1241 benedicta
1048 1189 1082 1240 tu
1096 1184 1129 1240 in
1143 1183 1273 1241 mulieri-

66 1263 133 1335 bus,
148 1271 179 1320 et
193 1263 364 1321 benedictus
378 1264 493 1320 fructus
506 1265 620 1321 ventris
633 1264 686 1320 tui.

129 1343 250 1402 Secreta.

128 1425 263 1501 Accepta
290 1425 346 1482 tibi
360 1425 443 1496 sint,
470 1444 645 1500 quaesumus,
675 1424 812 1498 Domine,
841 1445 965 1483 munera
992 1431 1093 1482 nostra
1105 1446 1114 1498 3
1150 1445 1216 1500 quae
1243 1431 1273 1482 et

64 1505 216 1581 expiando
243 1525 298 1562 nos
328 1512 379 1563 tua
404 1507 501 1582 gratie
528 1506 635 1582 dignos
655 1506 792 1578 efficiant,
815 1507 902 1563 etad
926 1507 1105 1582 sempiterna
1132 1506 1275 1582 promissa

64 1587 238 1663 perducant
283 1587 341 1644 Per
360 1587 531 1644 Dominum.

130 1665 310 1727 Garamaaic.
362 1668 437 1725 Ecce
460 1669 544 1743 virgo
568 1667 712 1743 concipiet
736 1674 766 1725 et
787 1667 883 1743 pariet
907 1667 1037 1725 Filium:
1069 1673 1099 1725 et
1120 1667 1274 1725 vocabitur

63 1768 177 1805 nomen
190 1749 254 1823 ejus
268 1748 452 1805 Emmanuel.

130 1828 373 1887 Postecraacaaio.

130 1909 276 1966 Salutaris
297 1910 352 1981 tui,
369 1910 506 1981 Domine,
523 1929 645 1967 munere
670 1910 780 1982 satiati,
799 1909 944 1985 supplices
966 1916 995 1966 te
1016 1910 1217 1985 deprecamur,
1239 1915 1275 1966 ut

63 2011 99 2047 cn
99 1991 152 2065 jus
166 1989 302 2048 laetamur
314 1997 411 2068 gustu,
427 2010 604 2048 renovemur
618 1991 733 2048 effectu.
777 1991 836 2048 Per
850 1991 1015 2047 Dominum
1028 1997 1171 2048 nostrum.

311 2162 411 2219 FERIA
433 2163 562 2232 Qumis,
584 2171 619 2218 at
638 2162 673 2218 ia
692 2160 856 2231 Dorciaicc,
870 2159 1027 2235 ferialiter.
1093 2203 1098 2212 .

356 2285 456 2341 Fanni
478 2284 582 2341 Sexus
604 2285 773 2353 Quarruon
793 2283 975 2340 Taurorum.

126 2397 176 2454 Aa
189 2397 322 2454 Missam.
368 2397 508 2471 Qfficiare.

126 2478 226 2554 Prope
246 2484 318 2549 esto,
340 2479 477 2549 Domine,
500 2484 530 2534 et
550 2497 650 2534 omnes
670 2478 726 2534 viae
747 2484 806 2534 tuae
827 2476 957 2535 veritas:
979 2475 1066 2534 initio
1088 2477 1211 2552 cognovi
1233 2476 1270 2534 de

61 2559 245 2616 testimoniis
258 2560 327 2631 tuis,
342 2561 413 2634 quie
426 2560 458 2615 iu
472 2565 615 2615 aeternum
630 2565 665 2614 tu
679 2578 717 2616 es

125 2639 274 2698 Peatraaa

125 2721 215 2778 Beati
228 2720 409 2778 immaculati
424 2721 457 2777 in
470 2720 540 2777 via:
564 2719 616 2795 qui
630 2719 783 2777 ambulant
797 2721 830 2777 in
843 2718 907 2796 lege
922 2719 1052 2776 Domini

127 2801 238 2861 Oratio.

124 2883 241 2951 Excita
257 2883 393 2953 Domine,
408 2883 571 2958 potentiam
592 2887 675 2938 tuam
690 2887 721 2938 et
734 2882 803 2938 veni
817 2901 825 2952 3
855 2887 890 2938 ut
911 2880 944 2937 hi
965 2881 1017 2956 qui
1037 2881 1069 2936 in
1082 2886 1135 2936 tua
1154 2881 1266 2956 pietate

61 2963 226 3032 confidunt,
241 2963 279 3020 ab
293 2963 375 3020 omni
388 2964 476 3020 citius
489 2963 666 3019 adversitate
680 2963 850 3019 liberentur.
895 2961 955 3030 Qui
968 2961 1046 3018 vivis
1059 2968 1090 3018 et
1105 2981 1215 3038 regnas.

123 3043 270 3101 Memoria
284 3046 318 3101 de
332 3054 433 3101 carecta
446 3043 550 3100 Maria
564 3052 589 3100 et
602 3044 636 3100 de
650 3043 783 3100 aturribus
796 3042 919 3099 Soractia.

125 3124 223 3182 Lectio
237 3125 336 3182 Esaia
353 3124 499 3200 Propheta
513 3124 568 3199 (ai.
587 3124 660 3201 1-5)

125 3206 201 3262 Haec
215 3206 287 3262 dicit
301 3205 447 3262 Dominus
461 3206 561 3262 Deus:
579 3205 757 3280 Egredietur
769 3205 853 3280 virga
867 3204 903 3260 de
917 3203 1013 3261 radice
1026 3204 1048 3262 J
1049 3223 1109 3261 esse
1124 3205 1268 3278 usquead

63 3293 95 3343 et
108 3285 180 3343 fides
194 3286 370 3343 cinctorium
384 3306 489 3343 renum
502 3286 572 3360 ejus

127 3366 260 3427 Gradale.

126 3448 257 3505 Ostende
284 3447 376 3520 nobis,
406 3447 542 3518 Domine,
572 3447 800 3505 misericordiam
828 3453 929 3504 tuam:
964 3452 994 3502 et
1021 3445 1148 3502 salutare
1177 3450 1263 3501 tuum

61 3529 103 3586 da
125 3529 217 3586 nobis.

130 3609 239 3667 Versae.
283 3608 475 3679 Benedixisti,
495 3609 631 3680 Domine,
648 3615 758 3665 terram
778 3614 883 3665 tuam:
907 3605 1041 3664 avertisti
1061 3604 1263 3681 captivitatem

60 3689 164 3747 Jacob.

123 3770 286 3846 Repetatar
301 3770 433 3828 Gradale.

122 3850 291 3910 Soricariam
307 3852 417 3909 Lacara
430 3851 467 3928 (i.
484 3851 598 3927 39-47)

121 3932 162 3989 In
174 3932 227 3989 illo
246 3939 386 4008 tempore,
402 3932 573 4007 Exsurgens
594 3931 691 3988 Maria
712 3930 787 3988 abiit
803 3930 835 3986 in
857 3935 997 3986 montana
1020 3948 1111 4003 aeque
1135 3928 1175 3986 ad
1198 3928 1263 3987 Dec

59 4011 184 4071 salutari
201 4033 275 4071 mco.

123 4093 318 4168 offertorium.

121 4174 213 4248 Deus,
235 4181 271 4232 tu
291 4180 464 4232 convertens
485 4173 648 4232 vivificabis
668 4193 742 4232 nos:
764 4179 794 4230 et
815 4172 896 4248 plebs
916 4178 970 4229 tua
990 4171 1141 4229 laetabitur
1161 4170 1193 4228 in
1214 4178 1264 4228 te:
1374 4165 1376 4170 ’

60 4255 181 4314 ostende
198 4256 295 4329 nobis,
312 4255 450 4328 Domine,
464 4255 693 4313 misericordiam
710 4260 801 4325 tuam,
818 4259 848 4310 et
869 4253 997 4311 salutare
1013 4259 1100 4310 tuum
1116 4253 1154 4310 da
1170 4253 1263 4313 nobis.

121 4335 242 4395 Secreta.

122 4416 292 4477 Muneribus
327 4436 344 4475 n
440 4461 445 4490 ,
474 4437 500 4494 qr
544 4435 649 4489 sumus,
673 4415 810 4488 Domine,
833 4415 1025 4491 precibusque
1059 4413 1207 4489 susceptis,
1232 4418 1262 4470 et

61 4496 225 4559 caeloetibus
236 4496 292 4559 nos
436 4517 484 4575 myr
600 4495 795 4557 stelementer
808 4496 923 4555 exaudi.
967 4496 1026 4553 Per
1039 4495 1209 4552 Dominum.
1265 4503 1267 4506 ⁴
