2926 4996
511 349 615 416 Festo
635 347 661 415 a.
683 356 757 435 post
776 343 999 418 Pentecosten}

515 517 611 575 Corda
624 516 726 593 replet,
741 517 856 594 linguas
870 517 956 592 ditat,

512 599 565 656 Ad
578 599 733 655 concordes
746 618 801 655 nos
814 599 924 656 invitat

554 678 676 755 Linguae
687 679 781 736 cordis
795 679 936 737 modulos.

513 759 648 817 Christus
662 759 743 816 misit
757 760 836 835 quod
849 760 993 836 promisit,

513 839 626 915 Pignus
640 859 751 915 sponsae
765 860 854 916 quam
867 841 970 898 revisit

552 920 609 977 Die
624 921 872 997 quinquagesima.

512 1001 584 1059 Post
596 1001 746 1058 dulcorem
760 1001 899 1059 melleum

511 1081 602 1139 Petra
614 1081 694 1138 fudit
707 1081 813 1154 oleum,

551 1161 642 1219 Petra
651 1163 715 1238 jam
728 1162 902 1222 firmissima.

511 1243 551 1299 ln
565 1242 681 1300 tabellis
695 1243 790 1300 saxeis

510 1324 543 1380 N
543 1343 581 1380 on
595 1324 628 1380 in
641 1324 750 1399 linguis
764 1322 866 1400 igneis,

550 1404 614 1461 Lex
628 1403 664 1461 de
678 1411 777 1462 monte
794 1405 910 1481 populo.

510 1485 617 1542 Paucis
630 1485 723 1541 cordis
737 1486 854 1543 novitas

510 1565 551 1622 Et
566 1566 731 1641 linguarum
746 1567 847 1624 unitas

550 1646 649 1703 Datur
662 1646 695 1702 in
709 1646 854 1704 cenaculo.

509 1726 535 1784 Ο
550 1746 638 1802 quam
652 1726 734 1797 felix,
750 1747 839 1804 quam
852 1727 968 1802 festiva,

508 1807 580 1865 Dies
594 1808 626 1864 in
640 1827 699 1883 qua
712 1808 866 1884 primitiva

548 1889 705 1945 Fundetur
719 1887 867 1947 Ecclesia!

506 1969 612 2025 Viva*
626 1976 697 2025 sunt
710 1970 850 2045 primitiae

507 2049 664 2106 Nascentis
679 2050 815 2108 Ecclesia

545 2129 615 2186 Tria
628 2130 756 2205 primum
770 2130 871 2189 millia

506 2211 600 2268 Panes
615 2211 685 2287 legis
698 2212 845 2286 primitivi

505 2292 566 2350 Sub
580 2312 640 2348 una
654 2298 724 2349 sunt
737 2292 871 2368 adoptivi

543 2372 617 2430 Fide
630 2372 688 2429 duo
702 2372 811 2448 populi.

504 2453 541 2511 Se
555 2453 667 2510 duobus
681 2453 837 2530 interjecit,

504 2535 610 2609 Sicque
624 2535 697 2590 diros
711 2554 804 2591 unum
817 2534 889 2592 fecit
923 2596 926 2601 ,

543 2615 631 2690 Lapis
645 2620 733 2690 caput
747 2614 855 2690 anguli.
965 2610 968 2618 ’

502 2695 595 2754 Utres
608 2695 688 2766 novi,
703 2715 763 2752 non
776 2696 898 2768 vetusti,

503 2776 580 2834 Sunt
594 2795 711 2852 capaces
725 2776 796 2833 nori
809 2777 919 2851 musti;
986 2813 987 2816 =

542 2856 625 2914 Vasa
638 2861 723 2932 parat
735 2857 826 2915 vidua
835 2878 844 2931 3

502 2937 564 2994 Dat
577 2933 722 3013 liquorem
736 2937 891 3012 Helisaeus,

500 3017 595 3075 Nobis
608 3038 724 3076 sacrum
737 3039 833 3076 rorem
848 3020 937 3093 Deus,

540 3099 572 3156 si
586 3100 673 3156 corda
687 3100 748 3157 sint
762 3120 896 3176 congrua

499 3179 570 3237 Non
584 3181 639 3237 hoc
652 3186 750 3237 musto
763 3181 811 3238 vel
824 3180 947 3258 liquore,

499 3261 570 3318 Non
583 3261 638 3318 hoc
652 3261 734 3336 digni
748 3281 848 3319 sumus
861 3281 936 3336 rore,

536 3342 568 3399 Si
582 3342 727 3399 discordes
741 3343 877 3402 moribus

497 3422 537 3479 In
551 3422 679 3480 obscuris
694 3427 724 3480 et
738 3423 840 3481 disisis

496 3503 568 3560 Non
580 3510 678 3579 potest
690 3504 752 3561 haec
765 3504 914 3580 paraclisis

537 3583 683 3641 Habitare
698 3585 840 3644 cordibus.

195 3719 361 3778 Secundum
373 3715 485 3772 Eaccm
498 3712 554 3791 (iac.
573 3714 620 3770 1-6
621 3713 646 3791 )

194 3817 233 3872 In
246 3815 297 3871 illo
311 3820 451 3888 tempore,
463 3810 639 3868 Convocatis
653 3810 674 3868 J
676 3830 741 3868 esus
754 3811 855 3870 decem
868 3810 1019 3890 discipulis
1032 3831 1123 3890 asquia
1135 3813 1178 3872 ad
1190 3813 1346 3895 evangeli-⁸

133 3903 239 3967 zantes,
255 3903 285 3952 et
301 3899 436 3952 curantes
449 3891 567 3968 ubique.
670 3898 673 3905 ’

193 3992 294 4049 Credo.

194 4087 382 4162 Offiartorium.
425 4085 580 4144 Confirmat

191 4186 310 4243 Secreta.
350 4183 472 4240 Hostias
485 4188 609 4255 nostras,
626 4201 801 4258 quaesumus,
815 4181 953 4256 Domine,
968 4182 1143 4243 miseranter
1154 4181 1286 4261 intende,
1300 4190 1330 4246 ct

130 4274 164 4324 ut
177 4267 234 4323 tibi
247 4263 409 4322 reddantur
425 4269 557 4339 acceptae,
573 4264 765 4321 conscientias
785 4270 901 4322 nostras
922 4263 1022 4322 Sancti
1044 4264 1173 4342 Spiritus
1192 4267 1328 4329 salutaris

129 4347 269 4406 emundet
282 4347 434 4403 adrentus.
477 4344 536 4419 Per
549 4343 720 4404 Dominum.
764 4345 803 4402 In
816 4346 933 4428 unitate
947 4345 1084 4422 ejusdem.

579 4469 583 4477 ’
625 4495 825 4547 *uss-oua
