2926 4996
369 378 517 446 Sabbato
531 379 663 446 Sancto.
700 379 919 466 septiformis
932 379 1085 448 ,titania
1249 388 1254 398 ‘
1277 384 1339 453 119

134 543 165 604 V.
191 545 233 603 Et
247 546 404 603 maceriam
418 546 620 619 circumdedit,
632 552 664 606 et
677 546 872 622 circumfodit,
885 556 917 606 et
929 546 1079 626 plantavit
1088 547 1207 607 vineam
1221 548 1338 622 Soreth,

128 633 160 684 et
173 626 331 684 aedificavit
344 628 452 685 turrim
466 629 500 684 in
513 628 611 686 medio
625 629 695 705 ejus.

134 705 165 766 V.
191 707 233 765 Et
246 708 376 766 torcular
388 709 465 766 fodit
478 710 511 767 in
524 729 577 770 ea:
598 709 686 767 vinea
699 708 824 768 Domini
837 708 969 769 Sabaoth
982 710 1088 770 domus
1104 710 1200 770 Israel
1213 714 1267 771 est

191 788 325 847 Oremus.

192 869 302 928 Oratio.

190 949 281 1023 Deus,
297 950 417 1026 quinos
429 951 467 1008 ad
481 950 689 1010 celebrandum
702 951 843 1010 Paschale
865 959 1089 1025 sacramentum,
1107 953 1263 1030 utriusque
1283 958 1339 1010 tes-

128 1031 256 1088 tumenti
269 1031 384 1108 paginis
397 1032 550 1090 imbuisti:
571 1033 610 1090 da
622 1032 707 1090 nobis
720 1032 886 1110 intelligere
899 1033 1130 1091 misericordiam
1143 1040 1235 1103 tuam,
1250 1039 1285 1091 ut
1299 1053 1337 1090 ex

129 1111 316 1249 plprcelptione
347 1113 538 1188 praesentium
568 1133 733 1186 munerum,
758 1115 845 1172 firma
876 1114 916 1172 sit
947 1114 1129 1192 exspectatio
1158 1115 1336 1174 futurorum.

159 1213 191 1250 er
236 1212 377 1251 ommum.

190 1273 286 1331 Lectio
300 1283 415 1349 quarta.
458 1274 563 1353 (Dent.
578 1275 655 1333 mni.
673 1272 791 1352 22-30.)

192 1354 316 1431 Scripsit
337 1355 454 1431 Moyses
475 1355 632 1429 canticum,
648 1362 678 1413 et
698 1356 799 1413 docuit
818 1355 895 1421 filios
915 1354 1010 1414 Israel
1028 1374 1120 1431 enque
1139 1353 1183 1414 ad
1198 1356 1337 1414 audiente

131 1435 269 1493 universo
290 1442 367 1493 coetu
386 1435 516 1494 filiorum
536 1436 639 1510 Israel,
654 1437 745 1495 verba
764 1437 903 1494 carminis
922 1437 1020 1513 hujus,
1035 1446 1067 1495 et
1083 1437 1122 1494 ad
1139 1437 1229 1495 finem
1245 1457 1339 1514 usque

131 1517 299 1593 complevit.
377 1576 382 1585 ,

136 1621 138 1626 ⁴
194 1598 325 1656 Tractus.
501 1656 505 1666 ‚
528 1659 531 1663 ,

191 1679 326 1736 Attende
340 1678 444 1736 caelum
458 1685 488 1736 et
502 1679 626 1756 loquar:
648 1684 679 1737 et
692 1678 795 1736 audiat
808 1684 889 1736 terra
902 1679 993 1737 verba
1007 1698 1045 1736 ex
1059 1698 1109 1736 ore
1122 1698 1197 1738 meo.

138 1759 167 1817 V.
193 1759 378 1835 Expectetur
398 1760 474 1818 siout
495 1760 597 1836 pluvia
618 1759 768 1836 eloquium
789 1779 912 1817 meum:
941 1765 972 1818 et
994 1760 1172 1818 descendant
1194 1759 1271 1818 sicut
1292 1779 1340 1818 ros

132 1840 221 1898 verba
245 1860 330 1898 mea:
359 1841 436 1898 sicut
459 1841 555 1898 imber
578 1860 666 1916 super
688 1840 839 1918 gramina:
868 1845 900 1899 et
921 1841 999 1898 sicut
1020 1841 1075 1897 nix
1097 1860 1185 1918 super
1206 1841 1338 1900 foenum:

134 1922 202 1996 quia
215 1940 324 1978 nomen
338 1921 462 1978 Domini
475 1922 627 1979 invocabo.
826 1979 832 1988 ,
855 1982 857 1985 ,

140 2002 167 2058 V.
194 2002 273 2059 Date
287 2002 536 2078 magnificentiam
556 2002 621 2060 Deo
641 2006 764 2063 nostro:
785 2001 868 2060 Deus
882 2021 975 2060 verax
987 2015 1075 2079 opera
1089 2002 1152 2078 ejus
1166 2022 1173 2060 :
1197 2008 1227 2060 et
1241 2022 1341 2060 omnes

135 2083 189 2140 viae
203 2083 267 2158 ejus
283 2083 403 2158 judicia.
765 2141 769 2146 ,
843 2135 845 2138 .

141 2164 167 2220 V.
193 2164 276 2221 Deus
290 2164 394 2239 fidelis,
408 2164 441 2222 in
456 2184 514 2240 quo
528 2183 589 2221 non
603 2169 648 2222 est
660 2162 825 2240 iniquitas:
848 2164 949 2239 justus
964 2170 995 2221 et
1008 2168 1127 2222 sanctus
1141 2162 1298 2222 Dominus.
1409 2224 1413 2237 ,

195 2244 350 2324 Oremus.v

195 2325 305 2384 Oratio.
397 2377 398 2380 ,
591 2385 592 2388 ,

194 2406 285 2479 Deus,
309 2407 362 2483 qui
383 2406 545 2464 Ecclesiam
566 2412 651 2464 tuam
672 2426 788 2483 semper
809 2405 944 2482 gentium
965 2403 1119 2463 vocatione
1140 2404 1340 2482 multiplicas:

137 2488 265 2560 concede,
281 2488 436 2564 propitius,
451 2495 486 2545 ut
500 2507 573 2564 quos
587 2507 664 2564 aqua
677 2488 864 2564 baptismatis
878 2487 982 2559 abluis,
998 2487 1141 2545 continua
1158 2487 1340 2563 protectione

137 2569 253 2626 tuearis.
297 2569 356 2626 Per
370 2568 541 2626 Dominum.

193 2649 291 2707 lectio
311 2650 424 2725 quinta.
466 2649 591 2728 (Esar'ee,
607 2649 653 2706 liv.
673 2649 718 2722 lt,
742 2650 776 2707 lv.
796 2649 891 2726 l·ll.)

193 2730 269 2787 Haec
290 2736 336 2787 est
355 2730 503 2787 hereditas
523 2730 676 2806 nequead
695 2730 863 2808 egredietur
883 2729 920 2787 de
940 2749 991 2788 ore
1010 2748 1085 2803 meo,
1102 2728 1176 2787 dicit
1194 2727 1341 2786 Dominus

135 2812 330 2886 omnipotens

197 2893 329 2950 Tractus.

195 2973 279 3031 Sicut
293 2992 397 3030 cervus
411 2972 558 3031 desiderat
572 2973 610 3031 ad
626 2972 724 3030 fontes
742 2991 907 3048 aquarum:
935 2972 979 3030 ita
1001 2971 1148 3030 desiderat
1165 2967 1265 3030 anima
1277 2990 1343 3029 mes

132 3054 172 3111 sd
188 3059 229 3127 te,
244 3053 333 3111 Deus

140 3135 171 3193 V.
198 3134 303 3193 Sitivit
324 3135 423 3193 anima
444 3154 508 3192 mea
530 3134 568 3191 ad
590 3134 690 3192 Deum
711 3134 824 3206 vivum,
848 3133 967 3210 quando
994 3132 1112 3190 veniam
1140 3138 1171 3190 et
1197 3133 1343 3210 apparebo

134 3221 205 3273 ante
219 3216 325 3273 faciem
340 3216 399 3273 Dei
412 3217 479 3274 mei.
1358 3281 1359 3284 Ἴ

140 3297 169 3354 V.
195 3297 333 3354 Fuerunt
346 3297 422 3353 mihi
433 3297 570 3372 lacrymae
589 3316 662 3354 meae
683 3295 839 3372 paneadis
857 3300 1017 3355 acnocte:
1045 3295 1117 3353 dum
1139 3293 1249 3352 dicitur
1269 3291 1344 3350 mihi

136 3396 189 3452 per
202 3377 333 3454 singulos
347 3378 417 3450 dies,
433 3377 499 3436 Ubi
512 3384 557 3435 est
572 3378 654 3434 Deus
668 3379 758 3435 tuusl

200 3458 333 3516 Oramus

200 3539 309 3598 Oratio.

197 3620 340 3690 Concede,
356 3639 531 3696 quaesumus,
546 3619 732 3696 omnipotens
746 3619 836 3692 Deus,
852 3625 887 3676 ut
900 3618 953 3694 qui
965 3617 1040 3676 festa
1054 3615 1207 3675 Paschalia
1220 3614 1342 3692 agimus

141 3700 301 3758 caelestibus
321 3701 472 3758 desideriis
492 3701 614 3774 accensi,
633 3700 747 3757 fontem
768 3701 840 3757 vitae
862 3700 997 3757 sitiamus
1020 3699 1185 3756 Dominum
1208 3703 1344 3755 nostrum

142 3780 242 3838 Jesum
256 3782 409 3840 Christum
424 3781 535 3838 Filium
548 3788 642 3839 tuum.
686 3781 747 3851 Qui
759 3787 866 3838 tecum.
1365 3779 1374 3796 '

200 3876 322 3936 *Postea
341 3888 444 3954 septem
454 3879 545 3954 paeri
557 3878 822 3954 inSnperpetlicee's
835 3878 925 3936 celin
937 3876 1020 3935 Albis
1033 3877 1067 3934 e'n
1081 3875 1174 3936 Onon
1188 3875 1343 3933 litaniam

147 3957 214 4016 bane
227 3968 349 4032 cantent,
367 3958 461 4018 Chore
475 3960 515 4017 eis
529 3959 697 4018 alternatim
710 3959 903 4035 respondente.
946 3958 1077 4016 Litane'a.

299 4056 397 4133 Kyrie
410 4057 535 4132 eleyson.

299 4137 417 4195 Christe
430 4137 555 4212 eleyson.

300 4217 417 4275 Christe
431 4219 501 4275 audi
514 4239 576 4275 nos

297 4299 389 4357 Pater
403 4300 438 4357 de
452 4299 530 4357 calis
544 4299 634 4371 Deus,
649 4299 787 4356 miserere
801 4297 894 4357 nobis.

159 4464 318 4584 Prahtiuisipg'
329 4465 453 4512 omitsthe
464 4465 574 4512 Litanies
583 4466 632 4511 and
642 4466 783 4512 Benedictio
794 4465 888 4523 Fontis,
899 4465 948 4511 and
958 4478 1016 4524 goes
1026 4479 1058 4512 on
1068 4479 1096 4512 as
1104 4468 1129 4512 at
1139 4479 1162 4525 p.
1175 4464 1343 4511 lit-Deinde

254 4559 260 4582 ,
306 4559 312 4570 .
