2926 4996
193 340 233 400 22
565 333 614 398 In
628 333 720 398 Festo
735 331 1039 397 sancttJotaants.

255 499 434 561 Uomrrrnnio.

253 583 351 640 Video
380 582 464 640 caelos
492 587 617 658 apertos,
645 586 674 638 et
702 581 808 638 Jesum
839 586 968 638 stantem
995 600 1013 636 a
1040 578 1154 636 dextris
1181 577 1305 636 virtutis
1335 579 1397 636 Dei.

194 665 322 721 Domine
336 663 419 734 Jesu‚
434 662 532 738 accipe
545 663 684 739 spiritum
704 681 822 719 meum:
851 668 882 718 et
896 681 934 718 ne
948 666 1062 718 statuas
1081 659 1141 716 illis
1162 660 1217 716 hoc
1241 665 1400 736 peccatum,

193 745 264 821 quia
277 745 414 801 nesciunt
428 743 501 820 quid
514 743 635 800 faciunt.

256 841 496 900 Poetcornmnnio.

255 922 455 981 Auxilientur
472 921 566 992 nobis,
582 920 721 991 Domine,
735 926 853 997 sumpta
873 919 1020 996 mysteria,
1039 925 1070 976 et
1092 919 1294 976 intercedente
1319 919 1402 975 beato

196 1003 345 1080 Stephano
371 1008 589 1079 protomartyre
616 1008 678 1075 tuo,
701 1002 882 1077 sempiterna
903 1001 1083 1077 protectione
1105 1000 1289 1057 confirment.
1348 999 1403 1056 Per

196 1085 367 1142 Dominum.
530 1090 555 1117 Ψ

351 1277 390 1334 Iu
411 1294 465 1334 nm
485 1274 591 1334 sarem
611 1276 634 1333 J
635 1291 771 1333 oramus
792 1276 948 1333 Arosrom
968 1292 1006 1332 nr
1026 1275 1257 1334 Evaunumsrrr„

207 1469 210 1476 ·
262 1431 314 1512 [In
337 1433 383 1490 elie
407 1432 502 1489 sancti
522 1430 671 1488 Joltannis
693 1429 788 1488 Missa
809 1432 989 1507 capitularis,
1015 1441 1164 1507 utsupra
1188 1432 1222 1488 in
1242 1431 1291 1488 die
1313 1432 1406 1489 sancti

199 1513 340 1588 Stephani
352 1522 480 1570 notatur.
524 1512 604 1568 Puer
624 1518 712 1568 natus
733 1521 758 1569 et
779 1521 875 1569 cetera,
921 1512 1030 1570 Oratio.
1073 1512 1207 1569 Concede
1227 1531 1403 1588 quaesumus

200 1595 270 1650 Alia
299 1593 400 1651 Oratio
428 1595 463 1650 de
491 1601 589 1650 caneto
614 1592 766 1668 Stephano,
790 1593 838 1649 Da
858 1593 942 1649 nobis
963 1612 1148 1668 quaesumus3
1183 1593 1234 1650 aab
1260 1614 1324 1650 aria
1346 1614 1406 1650 con·

199 1676 323 1732 elusione
337 1675 482 1732 dicantar.
526 1673 598 1730 Non
611 1674 750 1730 dicantar
758 1674 860 1748 plnres
874 1674 1031 1731 Oratimres.

258 1755 299 1812 In
313 1756 359 1813 die
370 1754 464 1812 carecti
474 1753 622 1812 Joltannis
635 1756 675 1811 ad
691 1753 820 1812 Missam.
855 1754 947 1811 Prius
951 1754 1040 1829 factet
1048 1754 1233 1830 processione,
1245 1755 1273 1812 ri
1287 1753 1408 1812 Domin-

200 1838 244 1894 ica
259 1836 365 1911 faerit,
392 1835 524 1893 orrenibnc
542 1834 678 1892 Perscnis
699 1844 724 1892 et
743 1835 918 1911 Presbyterie
942 1836 1068 1893 ciuitatis
1090 1856 1124 1892 en
1147 1836 1273 1910 antiqua
1296 1857 1409 1894 conare·

199 1918 299 1974 tudine
313 1916 355 1974 ad
367 1917 525 1974 Ecclesiam
540 1914 741 1975 Catlreclralern
755 1917 993 1986 convenientibas,
1009 1926 1035 1974 et
1051 1916 1185 1974 onenibae
1198 1916 1361 1973 ordinatim
1374 1937 1406 1974 ea

197 2007 322 2072 atraque
330 2006 416 2072 parte
427 1996 513 2055 Ultori
523 1997 557 2053 in
568 1995 659 2072 Capio
669 1997 765 2054 sericis
775 1998 946 2069 astantibus,
959 1998 1123 2055 Praecentor
1132 1997 1251 2072 incipiet
1264 1996 1404 2072 Officium.

198 2079 305 2136 -MS.
322 2076 375 2158 D]

259 2171 310 2230 Aa
321 2170 454 2229 Missam.
499 2171 637 2246 Officium.

259 2252 299 2309 In
311 2252 409 2310 medio
423 2253 548 2309 ecclesiae
563 2251 678 2329 aperuit
693 2272 725 2309 os
739 2252 820 2328 ejus:
841 2258 871 2310 et
891 2252 1027 2328 implevit
1048 2272 1117 2310 eum
1131 2252 1280 2309 Dominus
1300 2253 1407 2330 spiritu

198 2334 349 2411 sapientiae
364 2339 394 2390 et
407 2333 594 2391 intellectus:
616 2333 693 2390 stola
705 2333 806 2409 gloriae
820 2333 919 2390 induit
933 2353 1008 2390 eum.

107 2424 117 2447 ⁸
199 2415 248 2472 Pa
291 2415 313 2472 J
314 2415 515 2471 ocunditatem
529 2420 559 2470 et
573 2414 804 2471 exultationem:
825 2414 1035 2472 thesaurizavit
1050 2433 1227 2490 supereum.

263 2511 380 2606 [Kyria
396 2512 507 2584 scilicet,
519 2512 739 2589 Cunctipotens,
756 2521 782 2570 et
795 2521 892 2570 cetera.
936 2512 1038 2570 Gloria
1051 2512 1084 2569 in
1098 2513 1338 2580 excelsis-MS.
1354 2511 1407 2593 D.]

260 2593 421 2730 giiliiiam
441 2680 534 2744 tuam,
558 2693 734 2748 quaesumus,
749 2673 885 2746 Domine,
904 2674 1048 2750 benignus
1068 2675 1242 2744 illustrant
1263 2675 1345 2732 beati
1356 2675 1379 2732 J
1380 2695 1408 2731 o

199 2755 305 2811 hannis
326 2754 465 2829 Apostoli
485 2753 532 2811 tui
552 2760 581 2810 et
603 2754 800 2829 Evangelistae
824 2755 993 2813 illuminata
1014 2756 1161 2828 doctrinis,
1183 2755 1221 2812 ad
1246 2755 1325 2813 dona
1343 2775 1407 2832 per-

199 2835 301 2892 veniat
314 2834 499 2910 sempiterna.
543 2834 602 2891 Per
616 2835 786 2892 Dominum.

262 2928 335 3010 [Ubi
354 2951 414 2988 nan
434 2932 544 2988 dicitnr
564 2932 659 2989 Missa
680 2933 852 3008 capitularis
865 2936 925 3007 fiat
945 2934 1084 2992 remerteria
1104 2934 1316 2991 deNatiritate
1332 2935 1409 2992 etde

201 3022 299 3070 sarecto
312 3011 572 3087 Stepleana—MS.
590 3010 641 3092 It]

261 3109 357 3166 Lectio
372 3109 440 3166 libri
453 3108 610 3184 Sapientia
624 3109 752 3187 (Ecclas.
769 3131 812 3169 ne.
832 3111 878 3167 1-6
881 3110 905 3188 )

262 3191 322 3261 Qui
335 3190 422 3247 timet
436 3190 534 3247 Deum
547 3190 635 3248 faciet
649 3191 726 3248 bona
740 3211 829 3266 usqne
846 3193 887 3248 ad
909 3192 1077 3250 et'nominc
1095 3198 1204 3250 aeterno
1223 3193 1409 3252 haereditabit

201 3272 287 3331 illum
300 3271 448 3329 Dominus
462 3270 544 3328 Deus
557 3277 665 3329 noster.

163 3439 166 3443 ἦ
263 3368 347 3451 [Tres
359 3368 524 3444 Presbyteri
538 3378 652 3427 cantent
665 3370 699 3426 in
707 3369 825 3444 pulpito
841 3369 1083 3428 (tradate-MS.
1100 3369 1152 3451 D]

264 3466 397 3525 Gradale.

201 3584 202 3587 =
260 3548 347 3605 Exiit
360 3566 455 3605 sermo
467 3546 547 3603 inter
559 3546 674 3618 fratres,
690 3546 770 3622 quod
783 3547 943 3624 discipulus
957 3548 1008 3605 ille
1022 3568 1082 3605 non
1096 3549 1230 3610 moritur.

207 3631 236 3688 V.
259 3629 318 3687 Sed
331 3630 372 3686 sic
386 3647 455 3686 eum
468 3626 536 3685 volo
550 3646 668 3685 manere
682 3627 774 3684 donec
788 3629 924 3685 veniam:
947 3635 982 3686 tu
996 3649 1042 3686 mc
1056 3649 1184 3705 sequere.

266 3724 391 3805 [Deinde
404 3746 424 3782 a
439 3725 524 3782 turba
539 3723 774 3800 Presbyterarnrn
787 3725 821 3781 in
834 3726 928 3782 medio
944 3724 1034 3785 Odore
1048 3727 1296 3785 cantatam-MS.
1314 3725 1365 3808 D.]

263 3823 412 3898 Alleluya.
461 3823 490 3881 V.
514 3822 576 3879 Hic
599 3827 644 3879 cst
665 3821 825 3898 discipulus
846 3822 897 3880 ille
918 3823 971 3899 qui
992 3823 1196 3881 testimonium
1217 3825 1353 3901 perhibet
1375 3825 1414 3884 de

203 3904 258 3975 his,
273 3909 304 3960 et
318 3904 425 3960 scimus
440 3903 510 3980 quia
522 3923 626 3960 verum
640 3908 684 3959 cst
698 3902 902 3960 testimonium
916 3905 986 3980 ejus.

264 4000 420 4076 Sequentia
436 3998 467 4081 [a
480 4000 647 4059 Snecentore
662 3996 943 4076 incipiatur—MS.
960 4000 1012 4082 It]

325 4127 346 4184 J
348 4127 485 4200 ohannes,
501 4128 523 4185 J
525 4148 576 4184 esu
591 4128 708 4186 Christo
723 4129 850 4186 multum
865 4129 969 4186 dilecte
983 4128 1075 4205 virgo,

326 4208 372 4264 Tu
386 4208 449 4283 ejus
462 4227 559 4266 amore
573 4209 720 4266 carnalem

326 4289 365 4345 In
378 4287 449 4345 navi
462 4295 614 4363 parentem
629 4290 750 4365 liquisti.

325 4369 371 4425 Tu
386 4370 449 4426 lene
463 4370 594 4444 conjugis
607 4377 709 4446 pectus
723 4371 870 4446 respuisti,
887 4370 1028 4428 Messium
1042 4378 1168 4445 secutus,

325 4449 372 4508 Ut
387 4450 450 4526 ejus
463 4450 590 4525 pectoris
604 4470 685 4508 sacra
698 4452 852 4508 meruisses
866 4451 978 4508 fluenta
990 4458 1100 4528 potare.
