2926 4996
576 369 761 434 Dominioo
775 370 799 432 I
804 370 840 433 V.
857 369 1039 433 Attacotaa

331 539 390 596 Per
403 558 490 614 quem
505 543 611 594 cuncta
629 537 748 594 condita
760 542 830 593 sunt
844 536 968 608 saecula,

332 619 445 678 Caelum
458 619 536 694 quod
549 618 678 694 piurima
690 618 755 675 luce
769 624 908 689 coruscat,
923 622 954 674 et
969 617 1084 675 diversa
1095 623 1166 674 sunt
1179 616 1283 688 sidera,

332 701 381 757 sol
396 699 499 757 mundi
513 699 638 771 schema,
652 698 785 755 noctium
798 699 886 755 decus
900 699 989 769 luna3
1008 704 1162 773 ceteraque
1176 698 1379 774 splendentia;

225 823 227 826 ι
332 781 426 852 Mare,
441 781 545 852 solum,
561 779 629 846 alta,
643 780 740 856 plana,
755 785 786 836 et
798 779 943 854 profunda
956 779 1087 851 fiumina,

331 861 421 919 Aeris
435 861 532 937 ampla
545 861 641 937 spatia
655 880 712 936 quo
727 860 895 917 discurrunt
909 879 985 932 aves,
1000 860 1091 930 venti,
1107 864 1196 936 atque
1209 859 1320 935 pluvia.

332 943 407 999 Haec
421 940 509 998 simul
523 947 629 998 cuncta
642 942 698 997 tibi
712 941 768 997 soli
782 941 846 997 Deo
861 941 946 998 Patri
959 940 1100 997 militant.

333 1023 424 1080 Nunc
437 1028 468 1079 et
481 1023 514 1078 in
527 1041 623 1079 aevum
637 1023 700 1079 sine
713 1022 771 1077 fine
786 1041 838 1096 per
851 1021 935 1078 saecla
948 1021 1012 1078 laus
1026 1040 1127 1078 eorum
1141 1027 1194 1078 tua
1207 1021 1311 1098 gloria,

334 1104 394 1172 Qui
408 1123 460 1179 pro
474 1103 568 1160 salute
582 1108 683 1159 nostra
696 1103 808 1179 prolem
822 1103 941 1159 unicam

334 1184 404 1241 Pati
416 1185 450 1239 in
463 1189 542 1240 terra
555 1184 662 1240 misisti
676 1185 739 1240 sine
753 1183 847 1258 culpa,
861 1182 913 1239 sed
926 1182 964 1239 ob
978 1186 1079 1239 nostra
1095 1181 1208 1239 delicta.

334 1265 384 1336 Te,
400 1264 536 1333 Trinitas,
547 1283 708 1340 precamur,
720 1269 755 1320 ut
777 1282 898 1339 corpora
919 1269 1021 1320 nostra
1041 1269 1071 1320 εὴ
1091 1263 1178 1320 corda
1198 1282 1291 1340 regas,
1307 1269 1339 1320 et
1351 1281 1410 1339 pro-

455 1350 544 1421 tegas,
560 1351 591 1401 et
604 1345 694 1402 (lones
708 1352 892 1420 peccatorum
905 1344 1029 1401 veniam.

274 1451 441 1508 Secundam
455 1448 482 1504 J
480 1450 622 1507 ohannem
636 1449 671 1523 (i.
692 1449 805 1527 19-28).

275 1531 314 1588 In
342 1531 394 1588 illo
420 1537 559 1606 tempore,
583 1531 732 1594 Miserunt
760 1530 860 1587 Judaei
890 1531 927 1587 ab
948 1529 1165 1606 Hierosolymis
1193 1529 1357 1588 sacerdotes
1385 1535 1413 1586 et

216 1613 336 1670 Levites
349 1633 439 1686 usqae
453 1613 493 1669 od
507 1612 559 1668 ubi
572 1617 635 1668 erat
649 1611 670 1668 J
672 1611 802 1668 ohannes
815 1611 975 1686 baptizans.

278 1693 473 1767 Offirtoriam.

276 1775 352 1845 Ave,
382 1774 488 1846 Maria,
517 1773 613 1850 gratia
640 1773 753 1850 plena3
797 1773 943 1829 Dominus
971 1777 1096 1830 tecum:
1139 1772 1299 1830 benedicta
1326 1778 1360 1829 tu
1388 1773 1418 1828 in

216 1855 397 1927 mulieribus,
413 1862 443 1912 et
457 1854 627 1912 benedictus
642 1855 755 1911 fructus
769 1854 882 1910 ventris
896 1853 948 1911 tui

277 1935 396 1993 Secreta.

279 2017 434 2074 Sacrifioiis
458 2016 660 2092 praesentibus,
682 2015 819 2088 Domine,
844 2015 976 2091 placatus
999 2014 1129 2086 intende,
1154 2020 1245 2072 utet
1268 2014 1420 2072 devotioni

217 2105 324 2155 nostrae
339 2097 494 2174 proficiant
508 2103 538 2154 εὴ
551 2097 647 2154 saluti.
692 2096 749 2153 Per
763 2097 935 2153 Dominum.

280 2177 459 2238 Communia.
875 2189 877 2195 '

279 2261 354 2317 Ecce
380 2261 464 2337 virgo
492 2259 636 2335 concipiet
663 2265 694 2315 et
720 2258 816 2334 pariet
842 2257 957 2314 filium:
991 2264 1022 2315 et
1043 2257 1198 2315 vocabitur
1224 2276 1335 2314 nomen
1359 2259 1421 2334 ejus

220 2341 403 2398 Emmanuel.
1170 2338 1171 2341 ’

280 2422 520 2480 Pootcommaraio.

281 2503 414 2578 Sumptis
435 2502 607 2558 muneribus
631 2501 728 2572 sacris,
749 2520 923 2575 quaesumus,
946 2500 1082 2571 Domine,
1104 2506 1140 2556 ut
1163 2519 1231 2557 oum
1254 2499 1423 2576 frequenta·

222 2584 302 2640 tione
323 2583 456 2658 mysterii
477 2588 586 2639 crescat
607 2591 714 2638 nostrae
736 2581 840 2638 salutis
858 2582 985 2638 effectus.
1027 2581 1086 2638 Per
1106 2580 1278 2638 Dominum.

450 2734 550 2790 Fama
571 2734 724 2806 SECUNDA,
747 2743 781 2790 at
804 2735 839 2790 ia
858 2733 1024 2804 Dominico,
1037 2734 1195 2808 fhrrkrlitor.

692 2857 791 2914 Fama
812 2858 948 2927 Qunam.

283 2964 379 3021 Lectio
393 2963 491 3021 Esaia
504 2963 656 3039 Proplaetca
669 2962 742 3039 (avi.
761 2963 833 3040 1-5).

285 3045 359 3102 Haec
373 3045 446 3101 dicit
466 3045 612 3102 Dominus
633 3045 735 3102 Deus:
763 3044 876 3100 Emitte
896 3064 1005 3121 agnum
1028 3064 1117 3118 aequa
1138 3045 1178 3100 ad
1202 3043 1281 3120 quod
1307 3043 1427 3119 justum

223 3132 276 3198 est,
290 3127 332 3182 ait
347 3126 493 3182 Dominus
506 3126 698 3201 omnipotens.

285 3206 451 3264 Secundam
464 3206 639 3263 Mattlaoeam
653 3205 713 3283 (iii.
731 3205 824 3283 7-11).

285 3288 325 3345 In
343 3287 396 3343 illo
416 3293 555 3363 tempore,
578 3287 694 3345 Videris
713 3287 866 3344 Johannes
887 3287 996 3344 multos
1024 3287 1240 3344 Pharisaeorum
1267 3306 1361 3361 usque>
1387 3287 1428 3343 ad

224 3369 387 3446 baptizabit
400 3369 433 3425 in
446 3368 560 3445 Spiritu
574 3367 682 3424 Sancto
696 3373 726 3424 et
740 3369 815 3444 igne.

710 3497 809 3554 Fama
830 3498 938 3554 Saum.

286 3603 383 3662 Lectio
396 3603 495 3661 Esaiae
509 3602 658 3678 Prophetae
671 3602 787 3677 (ccviii.
809 3603 854 3673 16,
873 3603 979 3674 17-293
998 3624 1062 3660 aaa.
1081 3603 1143 3681 18).

287 3686 362 3742 Haeo
383 3685 456 3742 dicit
476 3685 623 3742 Dominus
644 3684 742 3741 Deus:
768 3683 843 3739 Ecce
862 3703 914 3758 ego
935 3685 1052 3741 mittam
1075 3684 1109 3740 in
1129 3683 1331 3741 fundamentis
1355 3683 1427 3741 Sion

227 3767 354 3842 lapidem
381 3767 546 3842 probatum,
572 3763 751 3840 angularem,
779 3764 948 3839 pretiosum,
977 3765 1010 3821 in
1037 3765 1230 3822 fundamento
1256 3764 1426 3822 fundatum.

228 3848 269 3902 Et
283 3847 377 3903 omnis
392 3847 443 3922 qui
461 3847 553 3904 credit
567 3847 600 3903 in
618 3865 686 3903 eum
699 3864 758 3901 non
772 3844 949 3902 turbabitur.
983 3846 1117 3903 Festinet
1129 3850 1166 3903 ut
1177 3852 1270 3922 ponat
1280 3845 1429 3920 judicium

228 3928 260 3983 in
274 3926 400 4002 pondere
415 3934 446 3984 et
455 3927 605 4004 justitiam
619 3927 652 3982 in
665 3945 821 3983 mensura:
843 3932 873 3982 et
887 3927 1039 3984 subvertet
1052 3927 1164 4002 grando
1177 3946 1259 4003 spem
1272 3926 1428 3998 mendacii,

228 4013 259 4063 et
279 4009 309 4062 in
324 4009 536 4082 protectionem
550 4027 633 4085 aquae
647 4007 843 4064 inundabunt.
886 4007 955 4064 Hoc
969 4008 1047 4064 enim
1060 4027 1078 4065 a
1091 4007 1221 4064 Domino
1235 4007 1301 4064 Deo
1322 4007 1431 4065 exerci-

228 4095 323 4159 tuum,
335 4094 372 4144 ut
385 4089 518 4146 mirabile
531 4089 640 4146 faceret
649 4089 804 4164 judicium,
815 4095 846 4144 et
859 4088 1059 4163 magnificaret
1068 4088 1225 4164 justitiam.
1268 4087 1431 4164 Propterea

227 4174 366 4243 expectat
390 4168 545 4242 Dominus,
570 4175 606 4226 ut
628 4170 801 4227 misereatur
825 4169 927 4240 nostri,
952 4173 983 4226 et
1009 4168 1076 4226 ideo
1100 4169 1284 4226 exultabitur
1308 4187 1431 4245 parcens

229 4249 330 4305 nobis:
351 4250 421 4324 quia
435 4250 516 4307 Deus
526 4251 633 4326 judicii
650 4251 796 4308 Dominus
810 4270 816 4305 :
842 4250 922 4306 beati
936 4269 1036 4308 omnes
1049 4250 1103 4326 qui
1116 4255 1275 4328 expectant
1289 4269 1366 4307 eum.

290 4329 456 4387 Secarutam
477 4328 642 4389 Joaaanam
665 4331 703 4408 (i.
721 4331 833 4409 15-18).

289 4411 328 4467 In
363 4411 415 4467 illo
448 4418 587 4487 tempore,
621 4413 643 4469 J
645 4412 773 4470 ohannes
813 4411 1015 4469 testimonium
1048 4412 1231 4488 perhibebat,
1264 4431 1357 4486 usqae
1391 4411 1432 4468 ad

229 4491 378 4550 enarrabit
392 4491 498 4549 omnia.
