2926 4996
354 348 360 363 ¹
425 339 528 405 Ferin
548 339 588 406 ii.
610 339 653 406 in
674 340 926 427 Reputionibus.

285 634 287 638 ,
377 574 478 632 Funm
498 574 645 633 Securos
664 591 698 632 m
719 575 958 634 Rooffloumus.

132 679 284 756 Officium.

131 761 296 818 Exaudivit
319 760 356 817 de
377 760 488 837 templo
509 766 610 818 sancto
631 781 683 818 suo
697 781 798 819 vocem
812 781 916 834 meam,
932 762 1080 838 alleluya:
1110 770 1141 822 et
1164 765 1275 824 elamor

68 862 152 901 meus
165 843 198 898 in
211 847 369 917 conspectu
383 842 454 917 ejus,
469 841 607 899 introivit
621 843 750 900 inaures
764 843 836 919 ejus,
850 843 986 919 alleluya,
1002 844 1136 921 alleluya.

130 940 276 997 Peninus.
788 997 790 1000 .
1279 998 1281 1002 Α

130 1021 263 1096 Diligam
276 1025 315 1092 te,
331 1019 468 1090 Domine,
482 1018 627 1076 fortitudo
645 1040 731 1078 mea:
760 1020 908 1078 Dominus
926 1021 1146 1081 firmamentum
1164 1042 1271 1098 meum,

67 1108 98 1160 et
111 1102 260 1178 refugium
274 1120 381 1172 meum,
398 1106 428 1157 et
440 1100 581 1158 liberator
594 1120 683 1158 meus.

130 1199 240 1260 Oratio.

129 1282 251 1354 Praesta,
267 1300 443 1357 quaesumus,
458 1281 643 1356 omnipotens
666 1280 754 1353 Deus,
771 1286 806 1338 ut
820 1281 918 1357 quiin
936 1283 1092 1342 afflictione
1113 1291 1215 1343 nostra
1236 1285 1284 1346 def

66 1369 122 1420 tua
142 1363 254 1439 pietate
278 1362 460 1434 confidimus,
483 1371 586 1419 contra
609 1362 731 1419 adversa
753 1363 852 1420 omnia
872 1369 926 1420 tua
949 1384 1064 1441 semper
1089 1368 1272 1442 protectione

66 1445 244 1501 muniamur.
288 1443 353 1500 Per.

129 1546 177 1629 [Si
190 1549 219 1606 F
218 1549 279 1606 erin
291 1549 416 1606 secunde
430 1547 474 1605 oei
486 1548 570 1605 tertie
583 1548 617 1605 in
631 1548 841 1623 Repntionibus
861 1549 980 1608 Festum
1001 1552 1121 1626 aliquod
1141 1552 1269 1611 evenerit

65 1629 124 1688 sive
137 1629 255 1704 Duplex
267 1630 324 1686 siue
337 1628 473 1703 Sinepierc,
489 1630 567 1703 quod
581 1629 639 1686 aiio
654 1639 775 1705 ternpore
790 1639 857 1687 esset
870 1651 970 1688 nouem
987 1632 1163 1704 Lectionum,
1181 1643 1272 1692 totum

58 1713 120 1786 fiet
133 1711 168 1767 de
182 1709 288 1767 Sancto
307 1730 372 1766 curn
385 1710 480 1766 Missa
496 1718 564 1784 post
580 1710 715 1767 Perticae.
759 1711 829 1768 Post
843 1711 960 1769 Senium
978 1733 1041 1771 uere
1054 1718 1114 1787 fiat
1128 1715 1272 1789 processio

64 1800 91 1849 ιι
111 1791 209 1848 Missa
233 1792 267 1847 de
283 1789 406 1865 jejunio.
460 1790 501 1845 Ιιι
522 1792 694 1862 notandum,
718 1793 796 1865 quod
818 1791 880 1849 iicet
903 1793 1069 1851 hisdiebus
1094 1795 1213 1869 quaudo
1236 1795 1271 1853 in

64 1872 187 1930 Festum
207 1871 293 1946 quusi
312 1891 411 1928 novena
434 1871 603 1928 Lectionum
623 1892 683 1929 non
703 1873 882 1946 contiperint,
904 1894 966 1930 unu
985 1875 1087 1946 Missa,
1110 1875 1214 1933 scilicet
1236 1877 1271 1934 de

55 1952 174 2028 jejunio
188 1952 318 2026 sufficiet,
336 1961 431 2008 innuen
444 1972 479 2008 ne
493 1952 526 2007 in
544 1952 597 2008 tuli
610 1952 737 2010 Ecclesia
759 1953 856 2028 nujus
877 1953 978 2012 Altera
1001 1975 1053 2012 suo
1079 1955 1271 2029 defraudetur

63 2034 162 2108 offici),
170 2033 385 2108 prendendum
393 2041 462 2089 estu
422 2033 579 2090 iectMissu
587 2033 781 2090 Doneinicuiis
789 2036 830 2090 ud
839 2034 936 2109 majus
944 2034 994 2091 Αιι
984 2044 1044 2092 inre
1053 2045 1120 2110 post
1109 2036 1197 2093 ttl'er
1187 2038 1267 2109 tium,

62 2115 124 2171 nise
119 2114 304 2188 'aliquunde
323 2113 386 2169 ulie
400 2113 541 2188 processio
560 2114 602 2170 ιιι
620 2115 716 2171 ueniet
706 2114 852 2172 ttceiebru
842 2124 918 2186 turn,
941 2116 1040 2172 diebus
1060 2116 1122 2174 dis
1143 2137 1163 2174 a
1180 2127 1268 2174 retro·

61 2194 287 2252 hebdomadario
302 2194 456 2251 celebretur.
500 2194 612 2250 Deinde
638 2204 705 2269 post
695 2194 793 2253 casn
783 2205 844 2252 turn
867 2196 976 2253 dictam
992 2199 1052 2271 fiai
1070 2198 1225 2311 processio
1234 2205 1269 2254 ιιι

62 2276 97 2334 in
110 2275 322 2333 Processionuii
336 2275 446 2332 contine
448 2274 613 2332 iuri-MS.
630 2275 666 2332 D
670 2273 682 2355 ]

123 2414 205 2472 ιιι
181 2423 221 2471 ιο
234 2414 337 2488 Epis
310 2412 577 2472 oebeuiJucobc
590 2412 721 2487 Apes
682 2413 780 2491 oii(u.
800 2413 918 2488 16-20).

123 2506 292 2566 Carissimi:
313 2505 503 2564 Oonfitemini
523 2505 700 2562 alterutrum
720 2512 839 2583 peccata
852 2511 951 2563 vestra
968 2525 1056 2581 usquc
1073 2506 1115 2564 ud
1126 2512 1157 2564 et
1171 2507 1280 2584 oper‘It¹

60 2588 285 2646 multitudinem
299 2594 492 2663 peccatorum.

121 2668 270 2743 Alleluya.
320 2668 348 2725 V.
393 2667 584 2724 confitemini
608 2667 747 2724 Domino·
761 2667 900 2743 quoniam
924 2667 1037 2726 bonus:
1069 2669 1209 2744 quoniam
1232 2669 1265 2727 in

59 2751 200 2808 saeculum
216 2749 412 2806 misericordia
426 2749 496 2823 ejus.

121 2845 286 2904 Secundum
301 2845 412 2903 Lucane
426 2844 481 2920 (cci.
499 2843 594 2922 5-13).

121 2928 161 2985 In
175 2927 227 2983 illo
240 2933 379 3002 tempore,
396 2927 484 2982 Dixit
506 2926 528 2983 J
529 2946 594 2983 esus
612 2926 762 3003 discipulis
784 2927 844 2984 suis
854 2946 862 2998 3
893 2927 967 2995 Quis
988 2932 1121 2984 vestrum
1142 2927 1264 2985 habebit

57 3008 195 3077 amicum,
212 3013 242 3064 et
261 3008 318 3063 ibit
338 3007 376 3064 ad
395 3007 482 3064 illum
496 3007 592 3064 media
604 3013 691 3064 nocte
710 3027 801 3083 usque
822 3009 862 3065 nd
883 3008 967 3066 dabit
988 3007 1132 3085 Spiritum
1151 3009 1263 3066 bonum

56 3089 228 3166 petentibus
246 3090 297 3146 sel

121 3181 313 3256 Officrioriunc.
1276 3252 1278 3257 Δ

120 3263 290 3320 Confitebor
304 3262 433 3319 Domino
446 3262 535 3319 nimis
549 3262 581 3318 in
596 3281 647 3319 ore
660 3281 742 3319 meo:
763 3269 794 3319 et
807 3262 839 3318 in
854 3262 949 3319 medio
960 3263 1121 3319 multorum
1135 3262 1260 3321 laudabo
1276 3263 1279 3271 '

54 3364 134 3416 eum,
147 3343 199 3420 qui
208 3344 304 3400 astitit
318 3344 354 3400 ad
365 3345 518 3401 dexteram
527 3343 679 3420 pauperis:
699 3350 734 3400 ut
745 3344 856 3401 salvam
866 3344 974 3400 faceret
987 3362 1005 3400 a
1018 3345 1260 3420 persequentibus

54 3425 186 3482 animam
201 3444 303 3498 meam,
319 3424 454 3500 alleluya.

118 3518 239 3575 Secreta.

117 3598 193 3654 Haec
208 3617 337 3669 munera,
355 3617 529 3673 quaesumus,
545 3598 681 3668 Domine,
699 3603 729 3654 et
742 3597 860 3654 vincula
873 3602 981 3654 nostrae
998 3597 1155 3672 pravitatis
1167 3597 1260 3657 absol·
1278 3588 1280 3597 ¹

53 3685 138 3750 vant,
154 3686 184 3736 et
201 3685 261 3735 tuae
275 3679 360 3736 nobis
374 3679 579 3736 misericordiae
594 3680 670 3736 dona
683 3678 847 3735 concilient.
891 3677 950 3735 Per
963 3677 1136 3737 Dominum.

115 3771 440 3929 gpptpppppoeipieffis:
456 3853 587 3929 quaerite,
597 3858 628 3910 et
638 3852 796 3910 invenietis
802 3872 811 3924 3
824 3831 949 3928 pulsate,
961 3858 991 3910 et
1001 3852 1150 3928 aperietur
1159 3853 1260 3913 vobis:

52 3933 241 4091 pplppilpyeanim
252 3935 304 4010 qui
316 3935 400 4010 petit,
413 3935 527 4012 accipit,
540 3934 633 4009 etqui
644 3934 759 4010 quaerit,
769 3934 886 3990 invenit
897 3955 903 3991 :
921 3939 951 3990 et
961 3934 1092 4009 pulsanti
1101 3935 1259 4011 aperietur,

114 4111 355 4169 Poetcommunie.

113 4193 197 4249 Vota
221 4200 329 4261 nostra,
351 4212 526 4269 quaesumus,
551 4192 688 4264 Domine,
711 4191 883 4268 piosavore
906 4211 1099 4270 prosequere3
1129 4199 1167 4251 ut
1189 4193 1281 4251 dnm.

49 4274 130 4331 dona
142 4279 196 4331 tua
210 4275 242 4330 in
256 4274 450 4331 tribulatione
464 4274 654 4350 percepimus,
671 4274 706 4330 de
721 4273 919 4331 consolatione
932 4281 1035 4333 nostra
1048 4276 1147 4334 intuo
1161 4293 1260 4334 amore

49 4374 224 4414 crescamus.
268 4355 327 4412 Per
340 4354 513 4414 Dominum.

569 4484 582 4513 '¹
593 4483 748 4547 ιιι-ιιι.

371 4563 391 4602 Is
