2926 4996
169 368 211 429 42
413 363 518 428 chd.
531 361 897 448 postDominc'como’n
911 362 1130 448 Serapeum.

228 530 278 589 Ad
293 530 459 589 Oorirrtln’os
473 530 509 607 (2
523 529 562 587 xi.
581 530 679 602 19-33,
694 529 745 589 xii.
767 530 840 608 1-9).

230 613 367 669 Fratres:
391 611 534 669 Libenter
548 612 676 669 suffertis
689 611 862 687 insipientes
875 632 882 669 τ
895 631 963 669 cum
976 611 1041 669 sitis
1054 610 1112 687 ipsi
1124 611 1273 688 sapientes
1286 631 1378 687 usqae

169 695 209 751 od
224 693 306 750 Deus
320 698 350 750 et
364 692 455 749 Pater
468 692 592 749 Domini
605 692 700 750 nostri
712 692 734 750 J
736 711 788 749 esu
808 692 920 750 Christi
934 692 997 765 scit,
1019 693 1072 769 qui
1092 697 1137 750 est
1156 692 1330 751 benedictus
1344 693 1376 749 in

170 774 284 847 saecula,
302 773 381 849 quod
401 792 462 830 non
484 774 613 831 mentior
636 772 674 851 (v.
693 774 765 850 31),
794 771 836 830 Ia
857 773 1015 831 Dominus
1037 773 1148 848 legatur
1167 781 1228 832 tcta
1249 772 1288 851 (v.
1314 774 1374 852 32).

170 855 308 913 Damasci
329 855 504 932 praepositus
526 855 630 930 gentis,
652 854 775 911 Arethae
795 855 872 931 regis
892 854 1075 912 custodiebat
1088 854 1241 912 civitatem
1256 854 1378 911 Damas

169 956 318 1008 cenorum,
340 942 376 993 ut
403 956 450 993 me
474 935 733 1012 comprehenderet
754 955 845 1010 usqae
866 937 907 992 ad
928 935 1075 1013 gloriabor
1096 935 1129 991 in
1150 935 1379 992 infirmitatibus

170 1018 251 1090 meis,
268 1025 302 1075 ut
316 1017 463 1074 inhabitet
477 1017 510 1072 in
523 1036 570 1073 me
584 1016 680 1073 virtus
695 1016 815 1073 Christi

230 1098 404 1156 Notandum
428 1098 506 1172 quod
529 1097 587 1154 ista
608 1096 742 1172 Epistola
765 1097 800 1153 c‘n
822 1096 981 1154 Dominicis
1004 1096 1117 1172 hyaena
1139 1105 1220 1156 tota:
1240 1105 1268 1154 et
1288 1097 1377 1173 ctiam

54 1179 57 1184 ’
169 1179 259 1238 Faria
268 1180 404 1251 sconarda,
415 1179 533 1253 quondo
547 1179 582 1235 cle
593 1177 750 1235 Dominica
754 1177 904 1252 ferialiter
913 1179 1014 1254 agitur·
1022 1201 1032 1237 .·
1052 1177 1128 1235 alias
1138 1178 1229 1236 divise
1243 1177 1380 1253 tegantur

172 1261 347 1319 alternantium.

234 1340 367 1398 Gradal.
941 1410 944 1415 Ι

231 1421 333 1478 Sciant
355 1425 457 1496 gentes
477 1420 617 1496 quoniam
636 1439 745 1478 nomen
758 1420 816 1477 tibi
840 1420 938 1478 Deus:
964 1427 1000 1477 tu
1020 1419 1099 1478 solus
1112 1419 1276 1478 altissimus
1289 1439 1378 1498 super

172 1522 289 1559 omnem
301 1508 418 1558 terram.

178 1584 206 1642 V.
236 1582 318 1641 Deus
331 1601 422 1654 meus,
437 1601 514 1658 pone
527 1582 593 1640 illos
606 1589 642 1639 ut
655 1588 751 1640 rotam
764 1603 770 1639 :
792 1588 823 1640 εὴ
836 1582 914 1640 sicut
927 1581 1067 1658 stipulam
1080 1587 1150 1640 ante
1163 1581 1271 1641 faciem
1284 1582 1378 1640 venti.

233 1663 364 1720 Tractus.

232 1744 434 1815 Commorim,
450 1743 587 1815 Domine,
600 1750 720 1816 terram,
735 1749 765 1801 et
779 1744 962 1802 conturbasti
975 1763 1047 1803 eam.

179 1825 206 1882 V.
232 1825 315 1882 'Sana
328 1824 520 1881 contritiones
534 1825 605 1900 ejus,
621 1826 692 1901 quia
705 1831 851 1882 commota
865 1830 916 1882 est.

179 1906 206 1963 V.
237 1906 284 1964 Ut
297 1905 413 1980 fugiant
427 1925 444 1961 a
457 1905 532 1963 facie
545 1925 637 1978 arcus,
653 1913 689 1962 ut
702 1906 867 1963 liberentur
881 1905 967 1963 electi
980 1905 1034 1964 tui.

232 1985 399 2044 Securtdum
414 1987 525 2044 Ducam
539 1987 617 2064 (viii.
633 1986 729 2063 4-15).

235 2067 275 2124 In
287 2067 339 2124 illo
353 2073 493 2142 tempore,
509 2067 584 2124 Cum
598 2068 688 2124 turha
700 2067 828 2143 plurima
841 2066 1020 2139 conveniret,
1035 2072 1065 2124 εὴ
1078 2066 1115 2124 de
1128 2065 1303 2124 civitatibus
1316 2085 1384 2142 pro-

173 2154 311 2224 perarent
326 2148 364 2205 ad
377 2147 400 2205 J
400 2168 490 2220 esum,
504 2148 582 2205 dixit
596 2168 648 2225 per
659 2148 903 2205 similitudinem:
924 2148 1009 2204 Exiit
1023 2147 1076 2223 qui
1088 2148 1224 2220 seminat,
1235 2148 1387 2222 seminare·

173 2249 272 2286 semen
287 2249 373 2286 suum
387 2249 477 2305 usque
491 2230 531 2286 ad
544 2236 575 2287 et
588 2229 718 2287 fructum
731 2229 858 2287 afferunt
871 2229 905 2284 in
917 2228 1069 2305 patientia.

235 2310 335 2368 Credo.

236 2389 429 2465 Offertorium.

234 2471 345 2529 Perfice
358 2491 473 2548 gressus
487 2491 566 2528 meos
579 2471 612 2528 in
626 2471 738 2529 semitis
752 2471 821 2543 tuis,
837 2476 873 2528 ut
892 2490 952 2528 non
967 2476 1142 2528 moveantur
1154 2470 1281 2547 vestigia
1294 2489 1385 2528 mea:

174 2552 285 2610 inclina
295 2572 396 2608 aurem
406 2559 498 2624 tuam,
510 2559 540 2609 et
550 2552 657 2610 exaudi
670 2553 760 2609 verba
773 2572 856 2610 mea:
876 2552 1000 2609 mirifica
1013 2550 1226 2609 misericordias
1239 2558 1317 2624 tuas,
1330 2552 1385 2628 qui

175 2634 270 2690 salvos
283 2633 354 2689 facis
366 2639 516 2708 sperantes
530 2633 562 2688 in
576 2639 615 2705 te,
632 2633 767 2690 Domine.

235 2712 355 2770 Secreta.

182 2813 185 2818 ’
236 2793 379 2852 Oblatum
398 2794 464 2863 tibi,
487 2793 623 2865 Domine,
645 2794 818 2852 sacrificium
837 2793 969 2854 vivificet
988 2814 1043 2852 nos
1061 2813 1182 2870 semper,
1203 2799 1234 2852 et
1254 2793 1383 2853 muniat.

177 2876 235 2932 Per
249 2873 413 2930 Dominum
427 2879 570 2932 nostrum.

238 2952 420 3012 Contestania

236 3035 373 3092 Introibo
387 3035 425 3092 ad
439 3035 531 3092 altare
546 3035 613 3108 Dei,
627 3036 665 3093 ad
679 3037 778 3094 Deum
792 3036 844 3112 qui
858 3036 988 3094 laetificat
997 3037 1188 3112 juventutem
1201 3055 1307 3094 meam.

236 3116 478 3173 Postcommunio.

238 3195 390 3273 Supplices
413 3202 444 3254 te
466 3216 610 3273 rogamus,
625 3197 811 3274 omnipotens
833 3198 923 3268 Deus,
938 3204 973 3256 ut
996 3217 1069 3274 quos
1091 3197 1152 3255 tuis
1172 3198 1269 3256 reficis
1290 3217 1386 3257 sacra·

177 3277 293 3348 mentis,
308 3278 365 3334 tihi
385 3278 475 3335 etiam
494 3277 611 3355 placitis
630 3279 762 3336 moribus
782 3278 939 3355 dignanter
958 3278 1104 3337 deservire
1125 3280 1273 3337 concedas.
1327 3279 1390 3337 Per

177 3357 348 3418 Dominum.

646 3492 746 3550 Fanni
771 3494 907 3562 Qnrnra

237 3600 286 3659 Ad
302 3601 437 3659 Hebraeos
450 3600 517 3678 (ati.
536 3602 583 3658 3-9
585 3602 610 3680 )

238 3682 357 3740 Fratres
371 3703 377 3739 ε
398 3683 571 3756 Recogitate
584 3702 675 3757 usque
689 3684 729 3741 acl
749 3690 779 3740 et
793 3684 934 3741 vivemus.

238 3762 406 3820 demandam
420 3763 595 3819 Motthoeunt
613 3764 680 3838 (att.
699 3765 813 3840 30-37).

238 3842 277 3899 In
290 3843 342 3900 illo
356 3849 493 3919 tempore,
507 3844 596 3900 Dixit
609 3844 629 3902 J
630 3864 696 3901 esus
710 3844 873 3902 Pharisaeis.
907 3844 967 3914 Qui
980 3864 1040 3902 non
1054 3849 1098 3902 est
1112 3863 1228 3902 mecum
1241 3863 1335 3922 usque
1346 3847 1388 3905 ad
1410 3916 1415 3924 .

178 3923 275 3980 verbis
288 3923 349 3979 tuis
363 3924 556 3982 damnaberis.

661 4054 760 4112 Fama
785 4055 894 4113 Snxrr.

239 4163 289 4221 Ad
305 4165 439 4223 Hebraeos
452 4165 520 4243 (ocii.
540 4167 653 4245 11-17).

239 4245 358 4302 Fratres
372 4267 378 4302 ε
403 4246 507 4303 Omnis
521 4248 777 4325 disciplinamque
791 4249 831 4306 ad
844 4248 1016 4324 reprobatus
1030 4254 1082 4306 est

238 4324 405 4384 Secundum
418 4327 529 4384 Locum
546 4328 631 4405 (soii.
648 4329 763 4406 20-37).

239 4406 278 4463 In
291 4406 343 4463 illo
357 4413 497 4483 tempore,
513 4408 717 4486 Interrogatus
726 4410 749 4468 J
750 4429 815 4468 esus
828 4429 847 4466 a
860 4409 1015 4468 Pharisaeis
1029 4410 1147 4486 quando
1160 4411 1246 4469 venit
1258 4431 1390 4490 regnum

180 4487 238 4546 Dei
251 4506 340 4562 usque
354 4489 394 4545 ad
410 4488 471 4546 illic
485 4491 741 4565 congregabuntur
755 4496 785 4548 et
798 4490 913 4566 aquilae.
