2926 4996
311 382 379 447 Pec
399 381 523 455 Fecias,
538 381 763 448 Hebdomada
784 381 808 448 i.
826 388 902 467 post
927 381 989 449 Oct.
1012 381 1155 447 Pascltoe.
1265 384 1328 448 139

191 547 333 608 Omni'hns
352 549 516 608 Dominicis
536 549 747 608 dominicatitec
760 550 845 608 dictis
860 550 896 608 ab
918 548 1032 608 Octanis
1047 547 1166 607 Pascha
1186 568 1276 624 nsque
1289 548 1330 606 ad

126 629 330 688 Ascensionem
342 630 466 688 Domini
479 631 586 688 dicitosr
598 630 754 706 Sequentia
765 631 904 688 Victimae
919 631 1062 703 Paschali‚
1077 639 1111 687 nt
1125 650 1224 706 snpra.

190 727 358 787 Secundam
371 728 537 787 Jotanmm
558 731 622 806 (nn.
641 728 756 807 19-31).

191 821 230 879 In
250 821 302 878 illo
322 828 462 897 tempore,
485 820 561 879 Cum
582 827 658 879 esset
677 840 740 879 sero
761 821 808 878 die
829 821 880 878 illo
900 841 960 878 una
981 819 1185 892 sabbatorum,
1201 824 1231 876 et
1254 819 1331 876 fores

128 908 227 1040 esseth
234 902 345 1040 eoptinente
358 922 447 978 usqne
460 903 502 959 ad
515 902 556 959 Et
569 908 604 960 ut
617 903 767 961 credentes
779 903 874 960 vitam
890 901 1023 960 habeatis
1039 901 1072 958 in
1085 901 1206 958 nomine
1219 899 1288 976 ejus.

192 1003 385 1138 Oifniooinm.

191 1145 326 1221 Angelus
354 1144 478 1202 Domini
503 1143 654 1202 descendit
680 1143 716 1201 de
740 1144 818 1217 caele,
848 1149 878 1202 et
904 1143 983 1201 dixit
1009 1143 1202 1215 mulieribusJ
1237 1141 1332 1214 Quem

130 1226 263 1303 quaeritis
275 1228 286 1284 l
308 1227 438 1283 surrexit
451 1225 528 1282 sieut
541 1225 626 1298 dixit,
641 1224 777 1302 alleluya.

190 1305 313 1464 giuliieilpie
334 1406 465 1458 munera,
489 1406 663 1463 quaesumus,
687 1386 824 1458 Domine,
849 1385 1027 1445 exsultantis
1049 1385 1185 1443 Ecclesiae
1196 1405 1206 1457 3
1233 1389 1263 1442 et
1284 1362 1333 1441 cui

131 1487 250 1526 eausam
271 1468 351 1525 tanti
376 1467 477 1545 gaudii
503 1467 679 1544 praestitisti,
704 1472 880 1544 peipetuum
907 1468 1038 1526 frutetum
1064 1465 1189 1525 concede
1212 1465 1331 1522 laetitiae.

132 1549 190 1607 Per
203 1548 375 1606 Dominum.

191 1629 342 1703 Poaefatio.
385 1630 426 1686 Et
439 1634 470 1686 te
484 1629 603 1705 quidem
617 1629 698 1686 omni
712 1635 853 1706 tempore,
869 1629 918 1686 sed
932 1629 965 1685 in
977 1628 1033 1686 hoc
1046 1628 1240 1705 potissimum.

194 1723 279 1806 [Haec
298 1725 440 1801 Proefatio
461 1727 573 1783 dicetne
593 1727 716 1801 neopolis
736 1727 835 1784 diebies
855 1726 1019 1784 Dominicis
1039 1746 1106 1783 cnm
1123 1727 1158 1782 cte
1175 1722 1333 1781 Dominica

131 1807 241 1883 apitnr,
262 1827 351 1882 usqne
371 1808 411 1864 aa
430 1806 630 1864 Ascensionem
653 1808 784 1865 Domini.
824 1807 896 1866 Non
918 1808 996 1865 enim
1019 1807 1128 1864 dicitnr
1152 1805 1204 1862 *in
1225 1803 1334 1862 Octava

132 1907 224 1963 mque
244 1885 327 1963 postl
349 1887 408 1946 ltaec
431 1888 518 1945 dictio
540 1887 587 1945 die
611 1889 645 1944 in
668 1888 847 1962 Proefatione
868 1908 957 1963 neqne
986 1887 1251 1958 Communicantes,
1277 1884 1334 1943 sios

133 1969 224 2027 Hane
237 1969 330 2045 igitur
343 1966 674 2049 oblationem-MSS]

194 2064 421 2203 lelloitwllenililalium
434 2150 527 2217 tuam,
543 2151 573 2204 et
586 2165 724 2222 cognosce
737 2145 801 2203 loca
814 2144 972 2217 clavorum,
986 2145 1113 2221 alleluya
1125 2164 1135 2218 t,
1153 2149 1183 2201 et
1196 2142 1259 2200 noli
1274 2160 1335 2199 esse

131 2226 301 2285 incredulus
315 2227 365 2284 sed
378 2227 481 2298 fidelis,
496 2227 631 2302 alleluya,
647 2227 780 2302 alleluya

193 2320 434 2378 Postcommnnio.

196 2401 380 2472 Quaesumus,
402 2400 530 2457 Domine
550 2399 634 2457 Deus
653 2406 763 2472 noster,
778 2405 814 2458 ut
834 2405 1016 2458 sacrosancta
1036 2397 1176 2476 mysteria
1195 2417 1261 2474 quae
1282 2415 1335 2474 pro

135 2482 329 2558 reparationis
353 2488 460 2539 nostrae
486 2481 650 2538 munimine
676 2481 837 2555 contulisti,
867 2488 897 2540 et
920 2501 1047 2559 praesens
1067 2481 1152 2538 nobis
1172 2479 1336 2537 remedium

137 2582 198 2621 esse
211 2563 301 2620 facias
315 2569 345 2620 et
358 2562 500 2619 futmum.
543 2561 603 2619 Per
617 2562 788 2620 Dominum.

598 2786 700 2846 anm
720 2786 872 2846 Saeuum„

198 2941 338 3016 Officium.
382 2941 473 3010 Quasi
486 2940 573 2999 modo
586 2942 688 3019 geniti.

196 3023 244 3080 Ps.
288 3023 454 3080 Exsultate.

199 3103 306 3162 Oratio.
351 3103 471 3176 Praesta,
487 3122 660 3180 quaesumus.

196 3184 237 3241 M
233 3184 353 3256 emoeioe,
368 3192 402 3241 nt
415 3205 513 3261 snpra.

197 3265 339 3341 Epistola.
382 3265 478 3323 Omne
491 3264 571 3340 quod
584 3269 740 3323 natumst.

197 3345 346 3421 Alleluya.
395 3346 423 3404 V.
440 3345 513 3404 Post
528 3346 589 3404 dies
602 3352 676 3404 octo.

197 3426 365 3486 Secundam
384 3426 533 3502 Alleluya.
583 3427 612 3485 V.
630 3426 767 3484 Surrexit
781 3425 929 3483 Dominus
942 3445 1018 3484 vere.

197 3507 399 3582 Doanpetinm.
442 3507 518 3565 (lum
532 3515 608 3565 esset
621 3527 706 3569 sero„

199 3588 391 3662 Offentooinm.
436 3588 572 3665 Angelus
585 3587 716 3646 Domini

197 3669 324 3738 Secreta„
363 3668 482 3745 Suscipe
495 3689 626 3727 munera.

197 3749 341 3825 Praefatio
363 3746 531 3822 coimmunis,
555 3759 581 3809 et
608 3759 706 3824 cetera,
734 3757 770 3808 nt
798 3749 833 3808 in
856 3749 1014 3810 Dominica
1036 3769 1102 3808 omn
1129 3747 1340 3807 Benedieamus

145 3829 277 3888 Domino.

199 3912 240 3969 Et
261 3912 409 3969 scienciam
423 3920 469 3983 est,
485 3913 563 3987 qnod
582 3912 701 3987 qnando
714 3911 761 3970 die
773 3911 867 3970 Danae
880 3911 924 3970 oet
942 3912 989 3970 die
1008 3911 1118 3968 Martis
1135 3910 1179 3968 oei
1196 3910 1243 3968 die
1259 3910 1341 3972 Joois

150 4002 277 4050 cantatae·
290 3993 325 4050 cle
340 3993 368 4050 F
367 3993 436 4063 ecia,
453 3993 580 4067 lepemnr
593 3992 730 4070 Epistola
743 4001 770 4050 et
789 3993 950 4068 Doanpetia
963 4013 1027 4068 qna
1047 3993 1081 4050 in
1100 3992 1266 4064 Dominiea,
1281 3991 1341 4049 nisi

144 4069 212 4142 sorte
235 4074 320 4131 Festo
345 4073 442 4148 aliquo
466 4075 635 4149 impediente
661 4094 722 4132 non
747 4083 859 4153 possent
883 4074 938 4148 lepi
959 4083 1066 4149 qnacta
1089 4073 1179 4130 Fecia
1198 4073 1242 4131 oet
1262 4082 1342 4130 senta

150 4150 278 4228 Epistola
297 4163 323 4212 et
341 4154 501 4229 anecpelia
515 4155 695 4231 pertimntia
713 4156 754 4212 ad
774 4156 854 4230 ipsas
872 4155 983 4227 Ferias,
999 4155 1043 4213 oei
1062 4153 1124 4211 alia
1136 4153 1217 4230 forte
1230 4153 1342 4211 ratione

151 4235 340 4293 mitterentur
349 4256 362 4304 ;
401 4244 435 4292 nt
469 4235 503 4291 in
531 4234 650 4311 Oapelm
676 4235 733 4293 sive
759 4235 887 4293 Ecclesia
912 4235 1086 4311 parochiali,
1110 4256 1167 4311 pro
1194 4235 1274 4294 obita
1300 4234 1345 4292 oet

146 4311 357 4448 Aicsponsatiom
373 4315 417 4374 ml
438 4314 613 4391 ticjmmodi,
628 4323 654 4374 et
674 4325 744 4374 tnnc
755 4320 816 4391 fiat
831 4326 922 4392 pront
941 4325 1062 4374 notatae
1078 4316 1169 4375 Fem‘a
1183 4325 1290 4392 quarta
1309 4315 1343 4373 in

546 4525 559 4553 '⁶
573 4522 627 4570 MS.
638 4523 715 4570 D-in
725 4524 804 4585 aliqua
812 4523 939 4572 Doneioica.
