2926 4996
604 339 723 406 Corace
736 339 859 406 Misso.

244 507 347 565 Gloria
363 507 448 565 Patri
461 513 492 564 et
506 506 583 564 Filio
598 513 628 564 et
641 507 768 584 Spiritui
783 507 897 567 Sancte.

246 589 329 646 Sicut
343 595 407 646 erat
421 590 453 644 in
467 588 618 664 principio.

245 670 342 746 Kyrie
356 671 482 745 eleyson.
526 668 643 726 Christe
657 669 782 744 eleyson.
826 669 924 745 Kyrie
937 670 1064 747 eleyson.

244 752 336 809 Pater
349 757 456 808 noster.
500 748 541 806 Et
555 770 592 807 ne
606 769 660 806 nos
672 749 795 807 inducas
808 749 841 807 in
854 751 1060 810 tentationem.

245 833 415 891 Sacerdotes
428 831 476 887 tui
488 831 653 887 induantur
661 831 820 907 justitiam.

245 914 383 984 Domine,
398 913 514 970 salvum
528 911 574 968 fac
588 931 694 988 regem.

286 995 410 1052 Salvum
424 994 470 1050 fac
483 993 625 1069 populum
638 999 734 1065 tuum,
750 992 887 1065 Domine,
902 1000 932 1052 et
945 994 1068 1053 benedic
1080 994 1252 1055 haereditati
1263 1003 1321 1056 tua

246 1076 315 1133 Fiat
328 1096 388 1153 pax
401 1076 434 1131 in
448 1075 561 1131 virtute
575 1079 635 1131 tua.

288 1157 329 1213 Et
342 1155 526 1213 abundantia
539 1155 572 1210 in
585 1154 717 1211 turribus
730 1155 799 1212 tuis.

246 1239 375 1297 Domine
389 1236 498 1294 exaudi
511 1236 674 1292 orationem
687 1255 790 1293 meam.

287 1320 329 1376 Et
342 1318 452 1376 clamor
465 1336 547 1374 meus
561 1317 599 1373 ad
612 1323 643 1373 te
657 1314 767 1374 veniat.

168 1423 169 1426 ¹
247 1401 396 1458 Dominus
410 1399 569 1455 vobiscum.

249 1483 382 1540 Oremus.

188 1583 325 1719 (Didiidiiae
339 1666 407 1729 tuae,
423 1656 560 1729 Domine,
575 1675 674 1732 preces
687 1657 821 1733 plaeetne
833 1658 967 1729 admitte,
985 1665 1020 1715 ut
1033 1659 1194 1720 destructis
1210 1659 1325 1720 adversi·

127 1745 240 1801 tatibus
254 1748 284 1800 et
298 1740 445 1800 erroribus
458 1739 613 1810 universis,
628 1757 730 1794 secura
743 1737 800 1794 tibi
813 1739 924 1796 serviat
936 1740 1082 1798 libertate.

188 1837 529 1988 iildibtiiidtiidstrorum,
545 1936 721 1992 quaesumus,
736 1917 873 1988 Domine,
888 1917 964 1977 elide
984 1919 1162 1995 superbiam,
1177 1940 1326 1998 eorumque

128 2003 337 2062 contumeliam
358 2001 487 2057 dexterae
507 2004 567 2055 tuae
586 1998 698 2054 virtute
718 2004 877 2073 prosterne.
921 1999 980 2058 Per
997 2000 1151 2058 Christum
1172 2002 1325 2060 Dominum

129 2091 271 2143 nostrum.

192 2181 294 2240 Oratio
308 2179 349 2236 ad
363 2179 488 2236 Patrem.

191 2263 309 2320 Gratias
322 2259 380 2316 tibi
393 2279 457 2335 age,
472 2258 609 2328 Domine,
625 2263 725 2315 sancte
738 2256 837 2328 Pater,
852 2258 1038 2334 omnipotens
1052 2267 1162 2319 aeterne
1176 2262 1271 2332 Deus,
1284 2260 1327 2338 qni

129 2367 176 2404 nie
191 2345 330 2401 miserum
344 2345 525 2417 peecatorem
539 2345 569 2395 et
587 2338 743 2414 indignum
763 2339 909 2396 famulum
928 2346 1016 2397 tuum
1029 2341 1121 2399 nullis
1135 2343 1210 2400 meis
1224 2342 1330 2401 meritis

130 2428 179 2485 sed
208 2425 270 2483 sola
297 2421 468 2499 dignatione
494 2419 699 2476 misericordiae
727 2425 787 2476 tuae
815 2420 922 2478 satiare
949 2421 1089 2498 dignatus
1116 2442 1148 2481 es
1167 2443 1286 2500 corpore
1302 2428 1330 2481 et

130 2507 272 2585 sanguine
293 2502 417 2561 Domini
440 2501 534 2558 nostri
554 2500 628 2558 Jesu
650 2499 779 2573 Christi3
810 2507 841 2558 te
861 2501 1006 2578 deprecor,
1027 2508 1063 2560 ut
1083 2502 1146 2562 baec
1170 2504 1330 2562 communio

130 2588 268 2647 salutaris
292 2605 352 2642 non
376 2584 416 2641 sit
439 2582 515 2639 mihi
538 2586 638 2639 reatus
664 2582 702 2637 ad
726 2601 850 2658 poenam,
873 2583 923 2640 sed
946 2583 1116 2642 intercessio
1137 2585 1277 2644 salutaris
1297 2582 1330 2642 ed

130 2671 249 2728 veniam
259 2689 267 2740 3
288 2668 328 2724 sit
345 2665 421 2722 mihi
433 2665 575 2720 vitiorum
596 2682 725 2719 meorum
746 2663 916 2736 evacuati03
938 2665 1190 2742 concupiscentiae,
1206 2665 1330 2724 libidinis

131 2749 340 2809 exterminatio
350 2767 358 2818 3
378 2745 519 2813 caritatis,
539 2743 726 2813 humilitatis,
744 2743 906 2819 patientiae,
921 2750 951 2802 et
970 2747 1062 2803 totius
1082 2748 1252 2806 sanctitatis
1271 2766 1331 2824 aug·

132 2831 275 2890 mentatio
286 2849 293 2900 3
314 2833 417 2885 contra
436 2825 559 2882 insidias
572 2824 760 2902 inimicorum
772 2844 905 2882 meorum
918 2826 1082 2884 visibilium
1095 2834 1127 2885 et
1140 2828 1331 2887 invisibilium

132 2916 217 2970 firma
230 2909 378 2980 defensi03
399 2926 531 2964 meorum
551 2911 687 2962 motuum
706 2911 770 2962 tam
783 2907 945 2963 carnalium
959 2927 1049 2983 quam
1062 2909 1265 2984 spiritualium
1276 2929 1332 2987 per-

132 2996 209 3052 fecta
229 2990 374 3067 quietatio
384 3009 392 3060 3
413 2989 446 3044 in
460 2987 502 3044 Te
522 3007 582 3042 uno
596 2987 725 3043 Domino
746 3006 811 3044 meo
831 2987 917 3045 firma
936 2988 1064 3061 adhesio,
1081 2995 1171 3066 atque
1192 2991 1262 3049 finis
1279 2989 1332 3048 moi

132 3076 205 3134 felix
219 3070 439 3130 consummatio,
484 3068 524 3124 Et
537 3087 639 3143 precor
651 3073 691 3137 te,
706 3072 741 3123 ut
757 3067 795 3124 ad
808 3067 884 3124 illud
904 3070 1075 3127 convivium
1095 3071 1221 3130 caelestis
1240 3071 1332 3149 glorie

132 3178 180 3214 me
193 3155 334 3211 miserum
348 3157 378 3209 et
391 3150 547 3226 indignum
560 3153 742 3224 peccatorem
755 3148 913 3225 perducere
932 3150 1070 3227 digneris,
1085 3152 1139 3208 ubi
1151 3159 1197 3223 tu,
1213 3153 1331 3222 Christe,

132 3259 163 3296 es
184 3237 237 3294 lux
250 3254 330 3304 vera,
345 3231 465 3289 satietas
484 3231 580 3306 plena,
596 3229 766 3304 jocunditas
786 3229 922 3305 perlecta,
938 3238 1141 3290 consummata
1159 3233 1294 3304 felicitas,
1306 3238 1333 3290 et

133 3319 242 3376 sanctie
262 3316 324 3372 tuis
344 3313 485 3390 gaudium
506 3311 724 3386 sempiternum.
779 3311 840 3380 Qui
860 3331 927 3368 cum
941 3312 1031 3370 Patre
1051 3319 1083 3373 et
1099 3313 1216 3390 Spiritu
1233 3315 1332 3374 Sancto

133 3401 211 3456 vivis
224 3404 255 3455 et
269 3414 373 3471 regnas
387 3393 477 3451 Deus.

197 3494 298 3553 Oratio
313 3491 436 3550 dicenda
445 3498 512 3565 post
525 3488 738 3546 celebrationem
751 3488 859 3546 Missoe.

180 3575 315 3634 ‘Gratias
341 3592 395 3648 ago
418 3571 484 3640 tibi,
506 3570 673 3626 dulcissime
694 3570 822 3628 Domine
841 3570 916 3628 Jesu
937 3570 1064 3643 Christe,
1084 3574 1140 3632 lux
1160 3594 1242 3646 vera,
1262 3573 1330 3633 salus

134 3657 325 3725 credentium,
341 3653 480 3710 solatium
500 3650 640 3719 tristium,
656 3670 779 3726 spesque
799 3657 980 3722 cunctorum,
995 3654 1138 3730 gaudium
1158 3657 1329 3734 angelorum,

135 3740 213 3816 quod
233 3758 280 3794 me
301 3735 441 3792 miserum
462 3737 492 3790 et
512 3751 651 3807 magnum
671 3737 852 3807 peccatorem
870 3732 1015 3790 famulum
1032 3741 1120 3792 tuum
1141 3736 1230 3796 hodie
1250 3754 1330 3795 same

134 3821 250 3878 tissime
263 3835 382 3892 corpore
396 3820 427 3871 et
441 3813 583 3888 sanguine
596 3819 649 3869 tuo
662 3831 778 3888 pascere
792 3813 931 3889 dignatus
945 3834 983 3872 es.
1016 3814 1089 3874 Ideo
1102 3822 1134 3874 et
1147 3837 1203 3895 ego
1215 3815 1329 3875 miserri-

135 3920 202 3957 mus
216 3906 247 3957 et
260 3895 525 3955 innumerabilibus
541 3893 714 3950 criminibus
734 3893 869 3965 infectus,
884 3895 1054 3970 lacrymosis
1066 3897 1205 3973 precibus
1217 3899 1329 3975 imploro

136 3980 376 4057 benignissimam
396 3974 626 4033 misericordiam
644 3979 727 4031 tuam
741 3979 771 4031 et
785 3994 930 4032 summam
944 3976 1141 4050 clementiam,
1154 3985 1192 4036 ut
1206 3979 1267 4038 hac
1278 3976 1330 4036 dul·

136 4063 251 4119 ciseima
272 4059 400 4127 refectio,
422 4076 537 4114 summa
557 4062 588 4112 et
607 4055 910 4131 incomprehensibilis
930 4059 1106 4130 communio,
1125 4080 1189 4118 non
1208 4061 1249 4119 sit
1266 4056 1329 4117 mihi

132 4142 279 4218 judicium
294 4139 398 4196 animm
413 4157 484 4194 meae
490 4157 498 4209 3
515 4137 565 4193 sed
579 4136 672 4212 prosit
685 4136 761 4192 mihi
774 4137 806 4193 in
819 4137 982 4195 remedium
995 4139 1032 4196 ad
1043 4142 1230 4201 evacuandas
1241 4154 1329 4200 omnes

137 4224 259 4280 insidias
279 4228 309 4278 et
329 4220 476 4295 nequitias
497 4218 647 4274 diabolicae
667 4217 788 4286 fraudis,
803 4219 847 4274 ita
860 4219 994 4277 utnulla
1014 4221 1078 4297 ejus
1098 4221 1269 4282 dominetur
1285 4218 1329 4278 ini

137 4305 236 4381 quites
249 4303 281 4359 in
295 4301 388 4369 corde,
404 4318 530 4374 eoqmre,
545 4298 644 4354 anima
664 4304 694 4354 et
715 4299 847 4355 sensibus
868 4300 958 4372 meis,
979 4301 1030 4359 sed
1049 4308 1104 4360 tua
1124 4303 1279 4363 clementia
1291 4315 1328 4358 mr

138 4385 278 4462 perducat
298 4381 336 4438 ad
357 4400 482 4455 superna
498 4379 635 4436 convivia
648 4378 828 4456 angelorum,
843 4380 896 4437 ubi
909 4388 944 4437 tu
958 4401 989 4440 es
1003 4402 1073 4442 vera
1086 4384 1250 4458 beatitudo,
1262 4383 1326 4443 clm

138 4469 200 4533 lux,
215 4463 393 4538 sempiterna
407 4460 518 4517 laetitia.
562 4459 668 4517 Amen
