<?xml version="1.0" encoding="UTF-8"?>
<!DOCTYPE html PUBLIC "-//W3C//DTD XHTML 1.0 Transitional//EN"
    "http://www.w3.org/TR/xhtml1/DTD/xhtml1-transitional.dtd">
<html xmlns="http://www.w3.org/1999/xhtml" xml:lang="en" lang="en">
 <head>
  <title>
</title>
<meta http-equiv="Content-Type" content="text/html;charset=utf-8" />
  <meta name='ocr-system' content='tesseract 3.04.00' />
  <meta name='ocr-capabilities' content='ocr_page ocr_carea ocr_par ocr_line ocrx_word'/>
</head>
<body>
  <div class='ocr_page' id='page_1' title='image "./missaleadusumin00churgoog_0135.png"; bbox 0 0 2926 4996; ppageno 0'>
   <div class='ocr_carea' id='block_1_1' title="bbox 515 333 1077 421">
    <p class='ocr_par' dir='ltr' id='par_1_1' title="bbox 515 333 1077 421">
     <span class='ocr_line' id='line_1_1' title="bbox 515 333 1077 421; baseline 0.007 -22"><span class='ocrx_word' id='word_1_1' title='bbox 515 333 735 400; x_wconf 78' lang='lat' dir='ltr'><em>Hebdomada</em></span> <span class='ocrx_word' id='word_1_2' title='bbox 748 356 774 401; x_wconf 87' lang='lat' dir='ltr'>o.</span> <span class='ocrx_word' id='word_1_3' title='bbox 794 334 1077 421; x_wconf 71' lang='lat' dir='ltr'>Quadrupeeima.</span> 
     </span>
    </p>
   </div>
   <div class='ocr_carea' id='block_1_2' title="bbox 187 501 1395 2536">
    <p class='ocr_par' dir='ltr' id='par_1_2' title="bbox 255 501 364 560">
     <span class='ocr_line' id='line_1_2' title="bbox 255 501 364 560; baseline -0.018 0"><span class='ocrx_word' id='word_1_4' title='bbox 255 501 364 560; x_wconf 78' lang='lat' dir='ltr'>Oratio.</span> 
     </span>
    </p>

    <p class='ocr_par' dir='ltr' id='par_1_3' title="bbox 191 583 1395 802">
     <span class='ocr_line' id='line_1_3' title="bbox 253 583 1395 661; baseline 0.006 -23"><span class='ocrx_word' id='word_1_5' title='bbox 253 583 374 653; x_wconf 87' lang='lat' dir='ltr'>Praesta,</span> <span class='ocrx_word' id='word_1_6' title='bbox 386 601 561 658; x_wconf 82' lang='lat' dir='ltr'>quaesumus,</span> <span class='ocrx_word' id='word_1_7' title='bbox 573 583 759 659; x_wconf 87' lang='lat' dir='ltr'>omnipotens</span> <span class='ocrx_word' id='word_1_8' title='bbox 773 583 863 654; x_wconf 90' lang='lat' dir='ltr'>Deus,</span> <span class='ocrx_word' id='word_1_9' title='bbox 876 589 913 640; x_wconf 90' lang='lat' dir='ltr'>ut</span> <span class='ocrx_word' id='word_1_10' title='bbox 926 584 1055 661; x_wconf 76' lang='lat' dir='ltr'><strong>dignitas</strong></span> <span class='ocrx_word' id='word_1_11' title='bbox 1069 584 1250 643; x_wconf 87' lang='lat' dir='ltr'>conditionis</span> <span class='ocrx_word' id='word_1_12' title='bbox 1263 586 1395 646; x_wconf 77' lang='lat' dir='ltr'>humanae</span> 
     </span>
     <span class='ocr_line' id='line_1_4' title="bbox 191 663 1394 742; baseline 0.006 -22"><span class='ocrx_word' id='word_1_13' title='bbox 191 683 245 740; x_wconf 88' lang='lat' dir='ltr'>per</span> <span class='ocrx_word' id='word_1_14' title='bbox 257 663 513 720; x_wconf 75' lang='lat' dir='ltr'>immoderantiam</span> <span class='ocrx_word' id='word_1_15' title='bbox 533 664 671 737; x_wconf 86' lang='lat' dir='ltr'>sauciata,</span> <span class='ocrx_word' id='word_1_16' title='bbox 686 664 868 722; x_wconf 89' lang='lat' dir='ltr'>medicinalis</span> <span class='ocrx_word' id='word_1_17' title='bbox 888 665 1074 742; x_wconf 82' lang='lat' dir='ltr'>parsimoniae</span> <span class='ocrx_word' id='word_1_18' title='bbox 1094 666 1197 724; x_wconf 49' lang='lat' dir='ltr'>studio*</span> <span class='ocrx_word' id='word_1_19' title='bbox 1215 667 1394 727; x_wconf 72' lang='lat' dir='ltr'>reformetur.</span> 
     </span>
     <span class='ocr_line' id='line_1_5' title="bbox 193 743 1045 802; baseline -0.001 -1"><span class='ocrx_word' id='word_1_20' title='bbox 193 744 252 802; x_wconf 88' lang='lat' dir='ltr'>Per</span> <span class='ocrx_word' id='word_1_21' title='bbox 266 743 436 801; x_wconf 89' lang='lat' dir='ltr'>Dominum.</span> <span class='ocrx_word' id='word_1_22' title='bbox 1042 745 1045 753; x_wconf 87' lang='lat'>&#39;</span> 
     </span>
    </p>

    <p class='ocr_par' dir='ltr' id='par_1_4' title="bbox 197 840 1392 1001">
     <span class='ocr_line' id='line_1_6' title="bbox 197 840 1392 1001; baseline 0.007 -103"><span class='ocrx_word' id='word_1_23' title='bbox 197 924 234 981; x_wconf 66' lang='lat'>12</span> <span class='ocrx_word' id='word_1_24' title='bbox 247 840 348 1001; x_wconf 50' lang='lat' dir='ltr'>2{aptio</span> <span class='ocrx_word' id='word_1_25' title='bbox 363 840 497 898; x_wconf 77' lang='lat' dir='ltr'><em>Danielis</em></span> <span class='ocrx_word' id='word_1_26' title='bbox 510 841 661 916; x_wconf 75' lang='lat' dir='ltr'>Propheta</span> <span class='ocrx_word' id='word_1_27' title='bbox 674 840 734 919; x_wconf 81' lang='lat' dir='ltr'>(iii.</span> <span class='ocrx_word' id='word_1_28' title='bbox 753 841 867 920; x_wconf 82' lang='lat'><em>35-45)</em></span> <span class='ocrx_word' id='word_1_29' title='bbox 909 841 1087 920; x_wconf 70' lang='lat' dir='ltr'>(Cantabrum</span> <span class='ocrx_word' id='word_1_30' title='bbox 1102 843 1210 903; x_wconf 74' lang='lat' dir='ltr'>Trium</span> <span class='ocrx_word' id='word_1_31' title='bbox 1223 846 1392 919; x_wconf 74' lang='lat' dir='ltr'>Puerormc,</span> 
     </span>
    </p>

    <p class='ocr_par' dir='ltr' id='par_1_5' title="bbox 193 1002 1395 1318">
     <span class='ocr_line' id='line_1_7' title="bbox 254 1002 1395 1082; baseline 0.005 -21"><span class='ocrx_word' id='word_1_32' title='bbox 254 1004 294 1061; x_wconf 92' lang='lat' dir='ltr'>In</span> <span class='ocrx_word' id='word_1_33' title='bbox 318 1004 421 1060; x_wconf 87' lang='lat' dir='ltr'>diebus</span> <span class='ocrx_word' id='word_1_34' title='bbox 445 1003 512 1071; x_wconf 89' lang='lat' dir='ltr'>illis,</span> <span class='ocrx_word' id='word_1_35' title='bbox 538 1002 644 1060; x_wconf 90' lang='lat' dir='ltr'>Oravit</span> <span class='ocrx_word' id='word_1_36' title='bbox 672 1003 781 1059; x_wconf 79' lang='lat' dir='ltr'>Daniel</span> <span class='ocrx_word' id='word_1_37' title='bbox 810 1002 908 1061; x_wconf 89' lang='lat' dir='ltr'>dicens</span> <span class='ocrx_word' id='word_1_38' title='bbox 918 1023 927 1077; x_wconf 79' lang='lat'>3</span> <span class='ocrx_word' id='word_1_39' title='bbox 958 1003 1087 1062; x_wconf 86' lang='lat' dir='ltr'>Domine</span> <span class='ocrx_word' id='word_1_40' title='bbox 1116 1005 1199 1063; x_wconf 90' lang='lat' dir='ltr'>Deus</span> <span class='ocrx_word' id='word_1_41' title='bbox 1231 1006 1335 1082; x_wconf 84' lang='lat' dir='ltr'>Israel,</span> <span class='ocrx_word' id='word_1_42' title='bbox 1361 1029 1395 1067; x_wconf 87' lang='lat' dir='ltr'>ne</span> 
     </span>
     <span class='ocr_line' id='line_1_8' title="bbox 193 1083 1390 1161; baseline 0.003 -18"><span class='ocrx_word' id='word_1_43' title='bbox 193 1086 334 1161; x_wconf 89' lang='lat' dir='ltr'>despicias</span> <span class='ocrx_word' id='word_1_44' title='bbox 361 1084 504 1160; x_wconf 90' lang='lat' dir='ltr'>populum</span> <span class='ocrx_word' id='word_1_45' title='bbox 530 1090 624 1156; x_wconf 85' lang='lat' dir='ltr'>tuum,</span> <span class='ocrx_word' id='word_1_46' title='bbox 640 1103 736 1159; x_wconf 89' lang='lat' dir='ltr'>neque</span> <span class='ocrx_word' id='word_1_47' title='bbox 758 1083 873 1142; x_wconf 88' lang='lat' dir='ltr'>auferas</span> <span class='ocrx_word' id='word_1_48' title='bbox 899 1084 1127 1143; x_wconf 88' lang='lat' dir='ltr'>misericordiam</span> <span class='ocrx_word' id='word_1_49' title='bbox 1151 1091 1237 1144; x_wconf 87' lang='lat' dir='ltr'>tuam</span> <span class='ocrx_word' id='word_1_50' title='bbox 1264 1107 1284 1146; x_wconf 85' lang='lat' dir='ltr'>a</span> <span class='ocrx_word' id='word_1_51' title='bbox 1309 1091 1390 1147; x_wconf 90' lang='lat' dir='ltr'>nobis</span> 
     </span>
     <span class='ocr_line' id='line_1_9' title="bbox 193 1164 1395 1248; baseline 0.002 -23"><span class='ocrx_word' id='word_1_52' title='bbox 193 1187 283 1242; x_wconf 78' lang='lat' dir='ltr'>usqae</span> <span class='ocrx_word' id='word_1_53' title='bbox 303 1167 344 1223; x_wconf 85' lang='lat' dir='ltr'>ad</span> <span class='ocrx_word' id='word_1_54' title='bbox 364 1166 405 1222; x_wconf 85' lang='lat' dir='ltr'>Et</span> <span class='ocrx_word' id='word_1_55' title='bbox 425 1166 519 1221; x_wconf 87' lang='lat' dir='ltr'>sciant</span> <span class='ocrx_word' id='word_1_56' title='bbox 538 1165 607 1240; x_wconf 89' lang='lat' dir='ltr'>quia</span> <span class='ocrx_word' id='word_1_57' title='bbox 627 1170 661 1221; x_wconf 89' lang='lat' dir='ltr'>tu</span> <span class='ocrx_word' id='word_1_58' title='bbox 680 1184 709 1221; x_wconf 90' lang='lat' dir='ltr'>es</span> <span class='ocrx_word' id='word_1_59' title='bbox 728 1164 875 1222; x_wconf 86' lang='lat' dir='ltr'>Dominus</span> <span class='ocrx_word' id='word_1_60' title='bbox 897 1165 980 1223; x_wconf 90' lang='lat' dir='ltr'>Deus</span> <span class='ocrx_word' id='word_1_61' title='bbox 997 1166 1084 1240; x_wconf 89' lang='lat' dir='ltr'>solus,</span> <span class='ocrx_word' id='word_1_62' title='bbox 1098 1173 1129 1224; x_wconf 86' lang='lat' dir='ltr'>et</span> <span class='ocrx_word' id='word_1_63' title='bbox 1146 1168 1292 1244; x_wconf 80' lang='lat' dir='ltr'>gloriosus</span> <span class='ocrx_word' id='word_1_64' title='bbox 1312 1188 1395 1248; x_wconf 90' lang='lat' dir='ltr'>super</span> 
     </span>
     <span class='ocr_line' id='line_1_10' title="bbox 194 1245 802 1318; baseline -0.008 -11"><span class='ocrx_word' id='word_1_65' title='bbox 194 1267 311 1308; x_wconf 91' lang='lat' dir='ltr'>omnem</span> <span class='ocrx_word' id='word_1_66' title='bbox 324 1252 442 1318; x_wconf 89' lang='lat' dir='ltr'>terram,</span> <span class='ocrx_word' id='word_1_67' title='bbox 459 1245 587 1302; x_wconf 87' lang='lat' dir='ltr'>Domine</span> <span class='ocrx_word' id='word_1_68' title='bbox 601 1245 683 1302; x_wconf 88' lang='lat' dir='ltr'>Deus</span> <span class='ocrx_word' id='word_1_69' title='bbox 696 1250 802 1302; x_wconf 86' lang='lat' dir='ltr'>noster.</span> 
     </span>
    </p>

    <p class='ocr_par' dir='ltr' id='par_1_6' title="bbox 256 1327 390 1386">
     <span class='ocr_line' id='line_1_11' title="bbox 256 1327 390 1386; baseline -0.015 0"><span class='ocrx_word' id='word_1_70' title='bbox 256 1327 390 1386; x_wconf 79' lang='lat' dir='ltr'>Gradale.</span> 
     </span>
    </p>

    <p class='ocr_par' dir='ltr' id='par_1_7' title="bbox 194 1406 1393 1564">
     <span class='ocr_line' id='line_1_12' title="bbox 255 1406 1393 1483; baseline 0.005 -18"><span class='ocrx_word' id='word_1_71' title='bbox 255 1409 363 1466; x_wconf 77' lang='lat' dir='ltr'>Tollite</span> <span class='ocrx_word' id='word_1_72' title='bbox 383 1407 503 1476; x_wconf 86' lang='lat' dir='ltr'>hostias,</span> <span class='ocrx_word' id='word_1_73' title='bbox 518 1412 548 1463; x_wconf 85' lang='lat' dir='ltr'>et</span> <span class='ocrx_word' id='word_1_74' title='bbox 565 1406 688 1463; x_wconf 89' lang='lat' dir='ltr'>introite</span> <span class='ocrx_word' id='word_1_75' title='bbox 708 1407 741 1462; x_wconf 91' lang='lat' dir='ltr'>in</span> <span class='ocrx_word' id='word_1_76' title='bbox 758 1406 835 1464; x_wconf 88' lang='lat' dir='ltr'>atria</span> <span class='ocrx_word' id='word_1_77' title='bbox 853 1407 935 1483; x_wconf 88' lang='lat' dir='ltr'>ejus:</span> <span class='ocrx_word' id='word_1_78' title='bbox 956 1407 1076 1465; x_wconf 84' lang='lat' dir='ltr'>adorate</span> <span class='ocrx_word' id='word_1_79' title='bbox 1094 1408 1260 1468; x_wconf 88' lang='lat' dir='ltr'>Dominum</span> <span class='ocrx_word' id='word_1_80' title='bbox 1280 1412 1314 1469; x_wconf 92' lang='lat' dir='ltr'>in</span> <span class='ocrx_word' id='word_1_81' title='bbox 1330 1412 1393 1470; x_wconf 81' lang='lat' dir='ltr'>aula</span> 
     </span>
     <span class='ocr_line' id='line_1_13' title="bbox 194 1490 379 1564; baseline -0.022 -16"><span class='ocrx_word' id='word_1_82' title='bbox 194 1495 297 1548; x_wconf 87' lang='lat' dir='ltr'>sancta</span> <span class='ocrx_word' id='word_1_83' title='bbox 310 1490 379 1564; x_wconf 87' lang='lat' dir='ltr'>ejus.</span> 
     </span>
    </p>

    <p class='ocr_par' dir='ltr' id='par_1_8' title="bbox 199 1567 1394 1709">
     <span class='ocr_line' id='line_1_14' title="bbox 199 1567 1394 1647; baseline 0.001 -17"><span class='ocrx_word' id='word_1_84' title='bbox 199 1573 228 1630; x_wconf 87' lang='lat' dir='ltr'>V.</span> <span class='ocrx_word' id='word_1_85' title='bbox 255 1569 412 1628; x_wconf 84' lang='lat' dir='ltr'>Revelavit</span> <span class='ocrx_word' id='word_1_86' title='bbox 440 1567 586 1625; x_wconf 87' lang='lat' dir='ltr'>Dominus</span> <span class='ocrx_word' id='word_1_87' title='bbox 613 1568 776 1627; x_wconf 91' lang='lat' dir='ltr'>condensa:</span> <span class='ocrx_word' id='word_1_88' title='bbox 812 1573 843 1625; x_wconf 89' lang='lat' dir='ltr'>et</span> <span class='ocrx_word' id='word_1_89' title='bbox 874 1568 907 1625; x_wconf 92' lang='lat' dir='ltr'>in</span> <span class='ocrx_word' id='word_1_90' title='bbox 932 1569 1043 1645; x_wconf 85' lang='lat' dir='ltr'>templo</span> <span class='ocrx_word' id='word_1_91' title='bbox 1075 1571 1138 1647; x_wconf 91' lang='lat' dir='ltr'>ejus</span> <span class='ocrx_word' id='word_1_92' title='bbox 1168 1590 1272 1630; x_wconf 89' lang='lat' dir='ltr'>omnes</span> <span class='ocrx_word' id='word_1_93' title='bbox 1299 1573 1394 1632; x_wconf 88' lang='lat' dir='ltr'>dicent</span> 
     </span>
     <span class='ocr_line' id='line_1_15' title="bbox 212 1653 323 1709; baseline 0 0"><span class='ocrx_word' id='word_1_94' title='bbox 212 1653 323 1709; x_wconf 87' lang='lat' dir='ltr'>loriam.</span> 
     </span>
    </p>

    <p class='ocr_par' dir='ltr' id='par_1_9' title="bbox 192 1674 811 1807">
     <span class='ocr_line' id='line_1_16' title="bbox 192 1674 811 1807; baseline -0.01 -16"><span class='ocrx_word' id='word_1_95' title='bbox 192 1674 212 1730; x_wconf 68' lang='lat' dir='ltr'>g</span> <span class='ocrx_word' id='word_1_96' title='bbox 252 1731 420 1791; x_wconf 75' lang='lat' dir='ltr'>Secundam</span> <span class='ocrx_word' id='word_1_97' title='bbox 434 1729 460 1785; x_wconf 91' lang='lat' dir='ltr'><strong><em>J</em></strong></span> <span class='ocrx_word' id='word_1_98' title='bbox 459 1729 600 1786; x_wconf 76' lang='lat' dir='ltr'>oleaoaem</span> <span class='ocrx_word' id='word_1_99' title='bbox 614 1727 631 1806; x_wconf 89' lang='lat'><em>(</em></span> <span class='ocrx_word' id='word_1_100' title='bbox 631 1729 679 1786; x_wconf 71' lang='lat' dir='ltr'>ai.</span> <span class='ocrx_word' id='word_1_101' title='bbox 696 1728 811 1807; x_wconf 75' lang='lat'><em>40-53).</em></span> 
     </span>
    </p>

    <p class='ocr_par' dir='ltr' id='par_1_10' title="bbox 187 1810 1394 2033">
     <span class='ocr_line' id='line_1_17' title="bbox 187 1810 1394 1887; baseline 0.002 -17"><span class='ocrx_word' id='word_1_102' title='bbox 187 1872 189 1878; x_wconf 41' lang='lat'>,</span> <span class='ocrx_word' id='word_1_103' title='bbox 256 1814 296 1871; x_wconf 91' lang='lat' dir='ltr'>In</span> <span class='ocrx_word' id='word_1_104' title='bbox 316 1813 368 1869; x_wconf 89' lang='lat' dir='ltr'>illo</span> <span class='ocrx_word' id='word_1_105' title='bbox 392 1818 532 1886; x_wconf 84' lang='lat' dir='ltr'>tempore,</span> <span class='ocrx_word' id='word_1_106' title='bbox 558 1810 634 1866; x_wconf 75' lang='lat' dir='ltr'>eum</span> <span class='ocrx_word' id='word_1_107' title='bbox 657 1810 807 1867; x_wconf 78' lang='lat' dir='ltr'>audissent</span> <span class='ocrx_word' id='word_1_108' title='bbox 828 1810 948 1886; x_wconf 90' lang='lat' dir='ltr'>quidam</span> <span class='ocrx_word' id='word_1_109' title='bbox 971 1811 1008 1870; x_wconf 89' lang='lat' dir='ltr'>de</span> <span class='ocrx_word' id='word_1_110' title='bbox 1031 1812 1121 1870; x_wconf 88' lang='lat' dir='ltr'>turba</span> <span class='ocrx_word' id='word_1_111' title='bbox 1141 1832 1292 1873; x_wconf 83' lang='lat' dir='ltr'>sermones</span> <span class='ocrx_word' id='word_1_112' title='bbox 1314 1814 1394 1887; x_wconf 85' lang='lat' dir='ltr'>Jesu,</span> 
     </span>
     <span class='ocr_line' id='line_1_18' title="bbox 195 1890 1393 1974; baseline 0.002 -21"><span class='ocrx_word' id='word_1_113' title='bbox 195 1895 350 1965; x_wconf 73' lang='lat' dir='ltr'>dicebant,</span> <span class='ocrx_word' id='word_1_114' title='bbox 371 1892 432 1949; x_wconf 91' lang='lat' dir='ltr'>Hic</span> <span class='ocrx_word' id='word_1_115' title='bbox 451 1897 494 1948; x_wconf 83' lang='lat' dir='ltr'>est</span> <span class='ocrx_word' id='word_1_116' title='bbox 508 1911 576 1948; x_wconf 90' lang='lat' dir='ltr'>vere</span> <span class='ocrx_word' id='word_1_117' title='bbox 594 1890 738 1967; x_wconf 85' lang='lat' dir='ltr'>propheta</span> <span class='ocrx_word' id='word_1_118' title='bbox 757 1911 848 1966; x_wconf 81' lang='lat' dir='ltr'>aeque</span> <span class='ocrx_word' id='word_1_119' title='bbox 861 1893 902 1949; x_wconf 86' lang='lat' dir='ltr'>ad</span> <span class='ocrx_word' id='word_1_120' title='bbox 922 1893 964 1950; x_wconf 84' lang='lat' dir='ltr'>Et</span> <span class='ocrx_word' id='word_1_121' title='bbox 979 1894 1089 1951; x_wconf 87' lang='lat' dir='ltr'>reversi</span> <span class='ocrx_word' id='word_1_122' title='bbox 1105 1901 1176 1952; x_wconf 86' lang='lat' dir='ltr'>sunt</span> <span class='ocrx_word' id='word_1_123' title='bbox 1192 1897 1393 1974; x_wconf 87' lang='lat' dir='ltr'>unusquisque</span> 
     </span>
     <span class='ocr_line' id='line_1_19' title="bbox 193 1977 464 2033; baseline -0.018 0"><span class='ocrx_word' id='word_1_124' title='bbox 193 1977 226 2033; x_wconf 94' lang='lat' dir='ltr'>in</span> <span class='ocrx_word' id='word_1_125' title='bbox 240 1977 360 2033; x_wconf 91' lang='lat' dir='ltr'>domum</span> <span class='ocrx_word' id='word_1_126' title='bbox 374 1993 464 2029; x_wconf 88' lang='lat' dir='ltr'>suam.</span> 
     </span>
    </p>

    <p class='ocr_par' dir='ltr' id='par_1_11' title="bbox 253 2055 445 2130">
     <span class='ocr_line' id='line_1_20' title="bbox 253 2055 445 2130; baseline -0.021 -16"><span class='ocrx_word' id='word_1_127' title='bbox 253 2055 445 2130; x_wconf 78' lang='lat' dir='ltr'>Offertoro&#39;am.</span> 
     </span>
    </p>

    <p class='ocr_par' dir='ltr' id='par_1_12' title="bbox 191 2132 1394 2289">
     <span class='ocr_line' id='line_1_21' title="bbox 232 2132 1394 2213; baseline 0.003 -19"><span class='ocrx_word' id='word_1_128' title='bbox 232 2140 234 2148; x_wconf 89' lang='lat'>&#39;</span> <span class='ocrx_word' id='word_1_129' title='bbox 252 2138 347 2213; x_wconf 79' lang='lat' dir='ltr'>Super</span> <span class='ocrx_word' id='word_1_130' title='bbox 365 2135 489 2191; x_wconf 86' lang='lat' dir='ltr'>flumina</span> <span class='ocrx_word' id='word_1_131' title='bbox 507 2133 676 2209; x_wconf 87' lang='lat' dir='ltr'>Babylonis,</span> <span class='ocrx_word' id='word_1_132' title='bbox 696 2133 757 2190; x_wconf 91' lang='lat' dir='ltr'>illic</span> <span class='ocrx_word' id='word_1_133' title='bbox 774 2132 902 2192; x_wconf 85' lang='lat' dir='ltr'>sedimus</span> <span class='ocrx_word' id='word_1_134' title='bbox 919 2139 951 2192; x_wconf 90' lang='lat' dir='ltr'>et</span> <span class='ocrx_word' id='word_1_135' title='bbox 968 2135 1120 2194; x_wconf 85' lang='lat' dir='ltr'>flevimus:</span> <span class='ocrx_word' id='word_1_136' title='bbox 1141 2137 1214 2195; x_wconf 90' lang='lat' dir='ltr'>dum</span> <span class='ocrx_word' id='word_1_137' title='bbox 1232 2139 1394 2198; x_wconf 79' lang='lat' dir='ltr'>recordare</span> 
     </span>
     <span class='ocr_line' id='line_1_22' title="bbox 191 2217 421 2289; baseline -0.026 -12"><span class='ocrx_word' id='word_1_138' title='bbox 191 2239 259 2277; x_wconf 93' lang='lat' dir='ltr'>mur</span> <span class='ocrx_word' id='word_1_139' title='bbox 272 2220 326 2289; x_wconf 93' lang='lat' dir='ltr'>tui,</span> <span class='ocrx_word' id='word_1_140' title='bbox 343 2217 421 2274; x_wconf 81' lang='lat' dir='ltr'>Sion.</span> 
     </span>
    </p>

    <p class='ocr_par' dir='ltr' id='par_1_13' title="bbox 250 2299 370 2357">
     <span class='ocr_line' id='line_1_23' title="bbox 250 2299 370 2357; baseline -0.017 0"><span class='ocrx_word' id='word_1_141' title='bbox 250 2299 370 2357; x_wconf 77' lang='lat' dir='ltr'>Secreta.</span> 
     </span>
    </p>

    <p class='ocr_par' dir='ltr' id='par_1_14' title="bbox 188 2375 1393 2536">
     <span class='ocr_line' id='line_1_24' title="bbox 250 2375 1392 2458; baseline 0.002 -21"><span class='ocrx_word' id='word_1_142' title='bbox 250 2380 378 2438; x_wconf 87' lang='lat' dir='ltr'>Domine</span> <span class='ocrx_word' id='word_1_143' title='bbox 392 2378 474 2434; x_wconf 89' lang='lat' dir='ltr'>Deus</span> <span class='ocrx_word' id='word_1_144' title='bbox 491 2382 598 2448; x_wconf 90' lang='lat' dir='ltr'>noster,</span> <span class='ocrx_word' id='word_1_145' title='bbox 615 2375 667 2451; x_wconf 91' lang='lat' dir='ltr'>qui</span> <span class='ocrx_word' id='word_1_146' title='bbox 686 2375 719 2432; x_wconf 91' lang='lat' dir='ltr'>in</span> <span class='ocrx_word' id='word_1_147' title='bbox 732 2375 779 2432; x_wconf 89' lang='lat' dir='ltr'>his</span> <span class='ocrx_word' id='word_1_148' title='bbox 798 2376 898 2451; x_wconf 89' lang='lat' dir='ltr'>potius</span> <span class='ocrx_word' id='word_1_149' title='bbox 911 2378 1061 2451; x_wconf 86' lang='lat' dir='ltr'>creaturis,</span> <span class='ocrx_word' id='word_1_150' title='bbox 1077 2397 1150 2454; x_wconf 87' lang='lat' dir='ltr'>quas</span> <span class='ocrx_word' id='word_1_151' title='bbox 1163 2379 1202 2437; x_wconf 89' lang='lat' dir='ltr'>ad</span> <span class='ocrx_word' id='word_1_152' title='bbox 1222 2379 1392 2458; x_wconf 83' lang='lat' dir='ltr'>fragilitatis</span> 
     </span>
     <span class='ocr_line' id='line_1_25' title="bbox 188 2456 1393 2536; baseline -0.001 -15"><span class='ocrx_word' id='word_1_153' title='bbox 188 2468 295 2520; x_wconf 80' lang='lat' dir='ltr'>nostrae</span> <span class='ocrx_word' id='word_1_154' title='bbox 309 2459 473 2516; x_wconf 87' lang='lat' dir='ltr'>subsidium</span> <span class='ocrx_word' id='word_1_155' title='bbox 486 2456 651 2527; x_wconf 84' lang='lat' dir='ltr'>condidisti,</span> <span class='ocrx_word' id='word_1_156' title='bbox 666 2463 718 2514; x_wconf 90' lang='lat' dir='ltr'>tuo</span> <span class='ocrx_word' id='word_1_157' title='bbox 732 2476 848 2532; x_wconf 91' lang='lat' dir='ltr'>quoque</span> <span class='ocrx_word' id='word_1_158' title='bbox 865 2458 980 2514; x_wconf 90' lang='lat' dir='ltr'>nomini</span> <span class='ocrx_word' id='word_1_159' title='bbox 998 2479 1120 2516; x_wconf 90' lang='lat' dir='ltr'>munera</span> <span class='ocrx_word' id='word_1_160' title='bbox 1136 2460 1255 2536; x_wconf 89' lang='lat' dir='ltr'>jussisti</span> <span class='ocrx_word' id='word_1_161' title='bbox 1270 2462 1393 2520; x_wconf 85' lang='lat' dir='ltr'>dicanda</span> 
     </span>
    </p>
   </div>
   <div class='ocr_carea' id='block_1_3' title="bbox 108 2536 1393 2681">
    <p class='ocr_par' dir='ltr' id='par_1_15' title="bbox 108 2536 1393 2681">
     <span class='ocr_line' id='line_1_26' title="bbox 108 2536 1393 2617; baseline 0.001 -17"><span class='ocrx_word' id='word_1_162' title='bbox 108 2566 110 2571; x_wconf 94' lang='lat'>·</span> <span class='ocrx_word' id='word_1_163' title='bbox 189 2543 347 2612; x_wconf 80' lang='lat' dir='ltr'>constitui3</span> <span class='ocrx_word' id='word_1_164' title='bbox 376 2540 483 2609; x_wconf 88' lang='lat' dir='ltr'>tribue,</span> <span class='ocrx_word' id='word_1_165' title='bbox 506 2536 680 2613; x_wconf 85' lang='lat' dir='ltr'>quaesumus,</span> <span class='ocrx_word' id='word_1_166' title='bbox 703 2542 738 2593; x_wconf 90' lang='lat' dir='ltr'>ut</span> <span class='ocrx_word' id='word_1_167' title='bbox 762 2544 792 2594; x_wconf 90' lang='lat' dir='ltr'>et</span> <span class='ocrx_word' id='word_1_168' title='bbox 813 2538 882 2594; x_wconf 83' lang='lat' dir='ltr'>vitae</span> <span class='ocrx_word' id='word_1_169' title='bbox 904 2539 988 2596; x_wconf 89' lang='lat' dir='ltr'>nobis</span> <span class='ocrx_word' id='word_1_170' title='bbox 1009 2541 1162 2616; x_wconf 84' lang='lat' dir='ltr'>praesentis</span> <span class='ocrx_word' id='word_1_171' title='bbox 1186 2542 1346 2617; x_wconf 84' lang='lat' dir='ltr'>auxilium,</span> <span class='ocrx_word' id='word_1_172' title='bbox 1364 2550 1393 2601; x_wconf 92' lang='lat' dir='ltr'>et</span> 
     </span>
     <span class='ocr_line' id='line_1_27' title="bbox 188 2617 1073 2681; baseline -0.005 0"><span class='ocrx_word' id='word_1_173' title='bbox 188 2623 363 2681; x_wconf 72' lang='lat' dir='ltr'>aternitatis</span> <span class='ocrx_word' id='word_1_174' title='bbox 376 2620 504 2676; x_wconf 86' lang='lat' dir='ltr'>efficiant</span> <span class='ocrx_word' id='word_1_175' title='bbox 517 2623 741 2676; x_wconf 88' lang='lat' dir='ltr'>sacramentum.</span> <span class='ocrx_word' id='word_1_176' title='bbox 784 2617 843 2674; x_wconf 91' lang='lat' dir='ltr'>Per</span> <span class='ocrx_word' id='word_1_177' title='bbox 856 2618 1026 2678; x_wconf 81' lang='lat' dir='ltr'>Dominum</span> <span class='ocrx_word' id='word_1_178' title='bbox 1070 2626 1073 2633; x_wconf 87' lang='grc'><strong>’</strong></span> 
     </span>
    </p>
   </div>
   <div class='ocr_carea' id='block_1_4' title="bbox 187 2719 1392 2940">
    <p class='ocr_par' dir='ltr' id='par_1_16' title="bbox 187 2719 1392 2940">
     <span class='ocr_line' id='line_1_28' title="bbox 321 2737 429 2775; baseline -0.019 0"><span class='ocrx_word' id='word_1_179' title='bbox 321 2737 429 2775; x_wconf 79' lang='lat' dir='ltr'>maneo.</span> 
     </span>
     <span class='ocr_line' id='line_1_29' title="bbox 246 2719 1392 2877; baseline 0.004 -20"><span class='ocrx_word' id='word_1_180' title='bbox 246 2719 398 2858; x_wconf 55' lang='lat' dir='ltr'>lidbiirento</span> <span class='ocrx_word' id='word_1_181' title='bbox 420 2796 504 2853; x_wconf 89' lang='lat' dir='ltr'>verbi</span> <span class='ocrx_word' id='word_1_182' title='bbox 520 2796 567 2853; x_wconf 90' lang='lat' dir='ltr'>tui</span> <span class='ocrx_word' id='word_1_183' title='bbox 588 2815 672 2852; x_wconf 89' lang='lat' dir='ltr'>servo</span> <span class='ocrx_word' id='word_1_184' title='bbox 694 2801 756 2867; x_wconf 88' lang='lat' dir='ltr'>tu0,</span> <span class='ocrx_word' id='word_1_185' title='bbox 770 2794 907 2869; x_wconf 89' lang='lat' dir='ltr'>Domine,</span> <span class='ocrx_word' id='word_1_186' title='bbox 927 2796 960 2854; x_wconf 92' lang='lat' dir='ltr'>in</span> <span class='ocrx_word' id='word_1_187' title='bbox 981 2816 1040 2874; x_wconf 87' lang='lat' dir='ltr'>quo</span> <span class='ocrx_word' id='word_1_188' title='bbox 1062 2797 1137 2855; x_wconf 90' lang='lat' dir='ltr'>mihi</span> <span class='ocrx_word' id='word_1_189' title='bbox 1158 2819 1244 2877; x_wconf 89' lang='lat' dir='ltr'>spem</span> <span class='ocrx_word' id='word_1_190' title='bbox 1266 2801 1392 2862; x_wconf 82' lang='lat' dir='ltr'>dedisti:</span> 
     </span>
     <span class='ocr_line' id='line_1_30' title="bbox 187 2876 846 2940; baseline -0.008 0"><span class='ocrx_word' id='word_1_191' title='bbox 187 2882 249 2940; x_wconf 90' lang='lat' dir='ltr'>haec</span> <span class='ocrx_word' id='word_1_192' title='bbox 262 2901 310 2938; x_wconf 91' lang='lat' dir='ltr'>me</span> <span class='ocrx_word' id='word_1_193' title='bbox 325 2878 473 2937; x_wconf 89' lang='lat' dir='ltr'>consolata</span> <span class='ocrx_word' id='word_1_194' title='bbox 487 2877 578 2933; x_wconf 88' lang='lat' dir='ltr'>estin</span> <span class='ocrx_word' id='word_1_195' title='bbox 591 2876 762 2933; x_wconf 88' lang='lat' dir='ltr'>humilitate</span> <span class='ocrx_word' id='word_1_196' title='bbox 775 2896 846 2936; x_wconf 86' lang='lat' dir='ltr'>mea.</span> 
     </span>
    </p>
   </div>
   <div class='ocr_carea' id='block_1_5' title="bbox 185 2970 1391 3214">
    <p class='ocr_par' dir='ltr' id='par_1_17' title="bbox 185 2970 1391 3214">
     <span class='ocr_line' id='line_1_31' title="bbox 248 2970 1005 3040; baseline -0.005 -10"><span class='ocrx_word' id='word_1_197' title='bbox 248 2970 487 3031; x_wconf 76' lang='lat' dir='ltr'>Postcommaaio.</span> <span class='ocrx_word' id='word_1_198' title='bbox 1004 3037 1005 3040; x_wconf 7' lang='grc' dir='ltr'><strong>Ἴ</strong></span> 
     </span>
     <span class='ocr_line' id='line_1_32' title="bbox 247 3048 1391 3133; baseline 0.005 -22"><span class='ocrx_word' id='word_1_199' title='bbox 247 3055 334 3133; x_wconf 80' lang='lat' dir='ltr'>Quod</span> <span class='ocrx_word' id='word_1_200' title='bbox 352 3072 400 3110; x_wconf 90' lang='lat' dir='ltr'>ore</span> <span class='ocrx_word' id='word_1_201' title='bbox 418 3050 603 3126; x_wconf 86' lang='lat' dir='ltr'>sumpsimus,</span> <span class='ocrx_word' id='word_1_202' title='bbox 618 3048 756 3122; x_wconf 86' lang='lat' dir='ltr'>Domine,</span> <span class='ocrx_word' id='word_1_203' title='bbox 771 3070 846 3126; x_wconf 88' lang='lat' dir='ltr'>pura</span> <span class='ocrx_word' id='word_1_204' title='bbox 862 3057 962 3109; x_wconf 86' lang='lat' dir='ltr'>mente</span> <span class='ocrx_word' id='word_1_205' title='bbox 983 3053 1141 3129; x_wconf 85' lang='lat' dir='ltr'>capiamus,</span> <span class='ocrx_word' id='word_1_206' title='bbox 1158 3059 1190 3112; x_wconf 88' lang='lat' dir='ltr'>et</span> <span class='ocrx_word' id='word_1_207' title='bbox 1210 3054 1248 3113; x_wconf 90' lang='lat' dir='ltr'>de</span> <span class='ocrx_word' id='word_1_208' title='bbox 1267 3075 1391 3127; x_wconf 81' lang='lat' dir='ltr'>munere</span> 
     </span>
     <span class='ocr_line' id='line_1_33' title="bbox 185 3132 1205 3214; baseline -0.002 -20"><span class='ocrx_word' id='word_1_209' title='bbox 185 3134 340 3214; x_wconf 87' lang='lat' dir='ltr'>temporali</span> <span class='ocrx_word' id='word_1_210' title='bbox 354 3134 406 3190; x_wconf 82' lang='lat' dir='ltr'>fiat</span> <span class='ocrx_word' id='word_1_211' title='bbox 419 3133 504 3189; x_wconf 90' lang='lat' dir='ltr'>nobis</span> <span class='ocrx_word' id='word_1_212' title='bbox 518 3132 680 3188; x_wconf 90' lang='lat' dir='ltr'>remedium</span> <span class='ocrx_word' id='word_1_213' title='bbox 694 3133 914 3207; x_wconf 88' lang='lat' dir='ltr'>sempiternum.</span> <span class='ocrx_word' id='word_1_214' title='bbox 958 3132 1017 3190; x_wconf 87' lang='lat' dir='ltr'>Per</span> <span class='ocrx_word' id='word_1_215' title='bbox 1031 3133 1205 3193; x_wconf 90' lang='lat' dir='ltr'>Dominum.</span> 
     </span>
    </p>
   </div>
   <div class='ocr_carea' id='block_1_6' title="bbox 183 3230 1392 3534">
    <p class='ocr_par' dir='ltr' id='par_1_18' title="bbox 183 3230 1392 3534">
     <span class='ocr_line' id='line_1_34' title="bbox 246 3230 509 3308; baseline -0.03 -15"><span class='ocrx_word' id='word_1_216' title='bbox 246 3233 340 3308; x_wconf 70' lang='lat' dir='ltr'>Super</span> <span class='ocrx_word' id='word_1_217' title='bbox 353 3230 509 3306; x_wconf 80' lang='lat' dir='ltr'>Populum.</span> 
     </span>
     <span class='ocr_line' id='line_1_35' title="bbox 243 3308 1392 3401; baseline 0.002 -29"><span class='ocrx_word' id='word_1_218' title='bbox 243 3315 325 3385; x_wconf 82' lang='lat' dir='ltr'>Esto,</span> <span class='ocrx_word' id='word_1_219' title='bbox 340 3330 515 3388; x_wconf 86' lang='lat' dir='ltr'>quaesumus,</span> <span class='ocrx_word' id='word_1_220' title='bbox 531 3308 666 3401; x_wconf 73' lang='lat' dir='ltr'>Domine,</span> <span class='ocrx_word' id='word_1_221' title='bbox 683 3308 828 3386; x_wconf 90' lang='lat' dir='ltr'>propitius</span> <span class='ocrx_word' id='word_1_222' title='bbox 848 3309 928 3385; x_wconf 82' lang='lat' dir='ltr'>plebi</span> <span class='ocrx_word' id='word_1_223' title='bbox 941 3315 1019 3382; x_wconf 85' lang='lat' dir='ltr'>tuae;</span> <span class='ocrx_word' id='word_1_224' title='bbox 1039 3314 1076 3367; x_wconf 89' lang='lat' dir='ltr'>ut</span> <span class='ocrx_word' id='word_1_225' title='bbox 1088 3329 1154 3387; x_wconf 82' lang='lat' dir='ltr'>quse</span> <span class='ocrx_word' id='word_1_226' title='bbox 1173 3312 1233 3370; x_wconf 89' lang='lat' dir='ltr'>tibi</span> <span class='ocrx_word' id='word_1_227' title='bbox 1250 3333 1314 3373; x_wconf 89' lang='lat' dir='ltr'>non</span> <span class='ocrx_word' id='word_1_228' title='bbox 1331 3315 1392 3393; x_wconf 67' lang='lat' dir='ltr'>pls</span> 
     </span>
     <span class='ocr_line' id='line_1_36' title="bbox 183 3390 1389 3534; baseline 0.007 -86"><span class='ocrx_word' id='word_1_229' title='bbox 183 3401 428 3534; x_wconf 50' lang='grc' dir='ltr'><strong>(ξέἆᾝῐῖ</strong></span> <span class='ocrx_word' id='word_1_230' title='bbox 448 3398 570 3448; x_wconf 91' lang='lat' dir='ltr'>tuorum</span> <span class='ocrx_word' id='word_1_231' title='bbox 596 3396 696 3467; x_wconf 87' lang='lat' dir='ltr'>pot1us</span> <span class='ocrx_word' id='word_1_232' title='bbox 723 3390 872 3467; x_wconf 85' lang='lat' dir='ltr'>repleatur</span> <span class='ocrx_word' id='word_1_233' title='bbox 898 3390 1143 3449; x_wconf 86' lang='lat' dir='ltr'>delectationibus</span> <span class='ocrx_word' id='word_1_234' title='bbox 1170 3395 1389 3456; x_wconf 84' lang='lat' dir='ltr'>mandatorum.</span> 
     </span>
    </p>
   </div>
   <div class='ocr_carea' id='block_1_7' title="bbox 245 3627 895 3813">
    <p class='ocr_par' dir='ltr' id='par_1_19' title="bbox 245 3627 895 3813">
     <span class='ocr_line' id='line_1_37' title="bbox 666 3627 895 3686; baseline 0.004 -1"><span class='ocrx_word' id='word_1_235' title='bbox 666 3627 766 3686; x_wconf 81' lang='lat' dir='ltr'>Fnam</span> <span class='ocrx_word' id='word_1_236' title='bbox 786 3627 895 3686; x_wconf 78' lang='lat' dir='ltr'>Snxrs.</span> 
     </span>
     <span class='ocr_line' id='line_1_38' title="bbox 245 3737 385 3813; baseline -0.021 -16"><span class='ocrx_word' id='word_1_237' title='bbox 245 3737 385 3813; x_wconf 82' lang='lat' dir='ltr'>Officium.</span> 
     </span>
    </p>
   </div>
   <div class='ocr_carea' id='block_1_8' title="bbox 177 3814 1391 4542">
    <p class='ocr_par' dir='ltr' id='par_1_20' title="bbox 182 3814 1391 4054">
     <span class='ocr_line' id='line_1_39' title="bbox 242 3814 1391 3896; baseline 0.004 -20"><span class='ocrx_word' id='word_1_238' title='bbox 242 3819 384 3876; x_wconf 89' lang='lat' dir='ltr'>Miserere</span> <span class='ocrx_word' id='word_1_239' title='bbox 397 3816 481 3887; x_wconf 91' lang='lat' dir='ltr'>mihi,</span> <span class='ocrx_word' id='word_1_240' title='bbox 498 3815 634 3886; x_wconf 90' lang='lat' dir='ltr'>Domine,</span> <span class='ocrx_word' id='word_1_241' title='bbox 650 3814 790 3890; x_wconf 89' lang='lat' dir='ltr'>quoniam</span> <span class='ocrx_word' id='word_1_242' title='bbox 804 3815 950 3873; x_wconf 86' lang='lat' dir='ltr'>tribulor:</span> <span class='ocrx_word' id='word_1_243' title='bbox 971 3816 1064 3874; x_wconf 89' lang='lat' dir='ltr'>libera</span> <span class='ocrx_word' id='word_1_244' title='bbox 1076 3835 1132 3890; x_wconf 91' lang='lat' dir='ltr'>me,</span> <span class='ocrx_word' id='word_1_245' title='bbox 1148 3822 1180 3875; x_wconf 92' lang='lat' dir='ltr'>et</span> <span class='ocrx_word' id='word_1_246' title='bbox 1194 3818 1276 3896; x_wconf 87' lang='lat' dir='ltr'>eripe</span> <span class='ocrx_word' id='word_1_247' title='bbox 1292 3822 1391 3881; x_wconf 87' lang='lat' dir='ltr'>mede</span> 
     </span>
     <span class='ocr_line' id='line_1_40' title="bbox 182 3897 1390 3977; baseline 0.005 -21"><span class='ocrx_word' id='word_1_248' title='bbox 182 3901 317 3956; x_wconf 86' lang='lat' dir='ltr'>manibus</span> <span class='ocrx_word' id='word_1_249' title='bbox 339 3899 526 3955; x_wconf 88' lang='lat' dir='ltr'>inimicorum</span> <span class='ocrx_word' id='word_1_250' title='bbox 547 3910 698 3953; x_wconf 88' lang='lat' dir='ltr'>meorum:</span> <span class='ocrx_word' id='word_1_251' title='bbox 727 3901 757 3953; x_wconf 92' lang='lat' dir='ltr'>et</span> <span class='ocrx_word' id='word_1_252' title='bbox 779 3915 797 3953; x_wconf 91' lang='lat' dir='ltr'>a</span> <span class='ocrx_word' id='word_1_253' title='bbox 819 3897 1062 3974; x_wconf 89' lang='lat' dir='ltr'>persequentibus</span> <span class='ocrx_word' id='word_1_254' title='bbox 1085 3917 1141 3971; x_wconf 90' lang='lat' dir='ltr'>me,</span> <span class='ocrx_word' id='word_1_255' title='bbox 1162 3899 1305 3977; x_wconf 89' lang='lat' dir='ltr'>Domine,</span> <span class='ocrx_word' id='word_1_256' title='bbox 1328 3923 1390 3962; x_wconf 90' lang='lat' dir='ltr'>non</span> 
     </span>
     <span class='ocr_line' id='line_1_41' title="bbox 183 3976 709 4054; baseline -0.01 -17"><span class='ocrx_word' id='word_1_257' title='bbox 183 3981 353 4050; x_wconf 81' lang='lat' dir='ltr'>confundar,</span> <span class='ocrx_word' id='word_1_258' title='bbox 369 3979 509 4054; x_wconf 85' lang='lat' dir='ltr'>quoniam</span> <span class='ocrx_word' id='word_1_259' title='bbox 522 3976 657 4034; x_wconf 85' lang='lat' dir='ltr'>invocavi</span> <span class='ocrx_word' id='word_1_260' title='bbox 671 3982 709 4033; x_wconf 89' lang='lat' dir='ltr'>te.</span> 
     </span>
    </p>

    <p class='ocr_par' dir='ltr' id='par_1_21' title="bbox 177 4060 385 4119">
     <span class='ocr_line' id='line_1_42' title="bbox 177 4060 385 4119; baseline -0.019 1"><span class='ocrx_word' id='word_1_261' title='bbox 177 4076 179 4080; x_wconf 84' lang='grc'><strong>“</strong></span> <span class='ocrx_word' id='word_1_262' title='bbox 243 4060 385 4119; x_wconf 83' lang='lat' dir='ltr'>Psalmas.</span> 
     </span>
    </p>

    <p class='ocr_par' dir='ltr' id='par_1_22' title="bbox 241 4138 1109 4217">
     <span class='ocr_line' id='line_1_43' title="bbox 241 4138 1109 4217; baseline 0.001 -20"><span class='ocrx_word' id='word_1_263' title='bbox 241 4140 333 4211; x_wconf 89' lang='lat' dir='ltr'>Inte,</span> <span class='ocrx_word' id='word_1_264' title='bbox 349 4141 485 4212; x_wconf 90' lang='lat' dir='ltr'>Domine,</span> <span class='ocrx_word' id='word_1_265' title='bbox 501 4139 635 4217; x_wconf 85' lang='lat' dir='ltr'>speravi:</span> <span class='ocrx_word' id='word_1_266' title='bbox 656 4157 718 4196; x_wconf 89' lang='lat' dir='ltr'>non</span> <span class='ocrx_word' id='word_1_267' title='bbox 731 4138 895 4196; x_wconf 86' lang='lat' dir='ltr'>confundar</span> <span class='ocrx_word' id='word_1_268' title='bbox 908 4140 941 4197; x_wconf 91' lang='lat' dir='ltr'>in</span> <span class='ocrx_word' id='word_1_269' title='bbox 956 4145 1109 4199; x_wconf 84' lang='lat' dir='ltr'>aeternum.</span> 
     </span>
    </p>

    <p class='ocr_par' dir='ltr' id='par_1_23' title="bbox 243 4221 410 4279">
     <span class='ocr_line' id='line_1_44' title="bbox 243 4221 410 4279; baseline -0.012 0"><span class='ocrx_word' id='word_1_270' title='bbox 243 4221 350 4279; x_wconf 78' lang='lat' dir='ltr'>Oratio.</span> <span class='ocrx_word' id='word_1_271' title='bbox 408 4251 410 4257; x_wconf 96' lang='lat'>·</span> 
     </span>
    </p>

    <p class='ocr_par' dir='ltr' id='par_1_24' title="bbox 177 4300 1391 4542">
     <span class='ocr_line' id='line_1_45' title="bbox 240 4300 1391 4383; baseline 0.008 -23"><span class='ocrx_word' id='word_1_272' title='bbox 240 4302 384 4360; x_wconf 83' lang='lat' dir='ltr'>Cordibus</span> <span class='ocrx_word' id='word_1_273' title='bbox 398 4301 514 4373; x_wconf 90' lang='lat' dir='ltr'>nostris,</span> <span class='ocrx_word' id='word_1_274' title='bbox 526 4300 663 4374; x_wconf 86' lang='lat' dir='ltr'>Domine,</span> <span class='ocrx_word' id='word_1_275' title='bbox 676 4301 821 4358; x_wconf 82' lang='lat' dir='ltr'>auxilium</span> <span class='ocrx_word' id='word_1_276' title='bbox 834 4301 936 4378; x_wconf 74' lang='lat' dir='ltr'>gratia</span> <span class='ocrx_word' id='word_1_277' title='bbox 949 4307 1010 4359; x_wconf 86' lang='lat' dir='ltr'>tuae</span> <span class='ocrx_word' id='word_1_278' title='bbox 1023 4302 1171 4380; x_wconf 85' lang='lat' dir='ltr'>benignus</span> <span class='ocrx_word' id='word_1_279' title='bbox 1184 4303 1335 4383; x_wconf 73' lang='lat' dir='ltr'>infunde,</span> <span class='ocrx_word' id='word_1_280' title='bbox 1355 4315 1391 4368; x_wconf 80' lang='lat' dir='ltr'>ut</span> 
     </span>
     <span class='ocr_line' id='line_1_46' title="bbox 177 4382 1391 4467; baseline 0.002 -25"><span class='ocrx_word' id='word_1_281' title='bbox 177 4390 296 4462; x_wconf 81' lang='lat' dir='ltr'>peecata</span> <span class='ocrx_word' id='word_1_282' title='bbox 318 4390 420 4438; x_wconf 91' lang='lat' dir='ltr'>nostra</span> <span class='ocrx_word' id='word_1_283' title='bbox 443 4383 633 4458; x_wconf 86' lang='lat' dir='ltr'>castigatione</span> <span class='ocrx_word' id='word_1_284' title='bbox 657 4382 826 4439; x_wconf 90' lang='lat' dir='ltr'>voluntaria</span> <span class='ocrx_word' id='word_1_285' title='bbox 852 4382 1031 4455; x_wconf 84' lang='lat' dir='ltr'>cohibentes,</span> <span class='ocrx_word' id='word_1_286' title='bbox 1055 4385 1262 4461; x_wconf 82' lang='lat' dir='ltr'>temporaliter</span> <span class='ocrx_word' id='word_1_287' title='bbox 1287 4391 1391 4467; x_wconf 79' lang='lat' dir='ltr'>potius</span> 
     </span>
     <span class='ocr_line' id='line_1_47' title="bbox 177 4463 1246 4542; baseline 0.003 -19"><span class='ocrx_word' id='word_1_288' title='bbox 177 4484 364 4537; x_wconf 87' lang='lat' dir='ltr'>maceremur,</span> <span class='ocrx_word' id='word_1_289' title='bbox 375 4483 464 4540; x_wconf 87' lang='lat' dir='ltr'>quam</span> <span class='ocrx_word' id='word_1_290' title='bbox 478 4463 628 4539; x_wconf 88' lang='lat' dir='ltr'>suppliciis</span> <span class='ocrx_word' id='word_1_291' title='bbox 641 4463 817 4542; x_wconf 89' lang='lat' dir='ltr'>deputemur</span> <span class='ocrx_word' id='word_1_292' title='bbox 830 4464 955 4523; x_wconf 83' lang='lat' dir='ltr'>aeternis.</span> <span class='ocrx_word' id='word_1_293' title='bbox 999 4464 1058 4522; x_wconf 91' lang='lat' dir='ltr'>Per</span> <span class='ocrx_word' id='word_1_294' title='bbox 1071 4463 1246 4526; x_wconf 89' lang='lat' dir='ltr'>Dominum.</span> 
     </span>
    </p>
   </div>
   <div class='ocr_carea' id='block_1_9' title="bbox 0 0 1468 4996">
    <p class='ocr_par' dir='ltr' id='par_1_25' title="bbox 0 0 1468 4996">
     <span class='ocr_line' id='line_1_48' title="bbox 0 0 1468 4996; baseline 0 0"><span class='ocrx_word' id='word_1_295' title='bbox 0 0 1468 4996; x_wconf 95' lang='lat' dir='ltr'> </span> 
     </span>
    </p>
   </div>
  </div>
 </body>
</html>
