2926 4996
497 388 547 453 Ia
567 387 622 454 die
643 394 756 454 scitoto
777 387 986 453 Pcatecoates.

195 553 358 630 Sequentia.

135 635 239 694 Sancti
254 636 381 712 Spiritus
395 636 473 693 adsit
486 636 571 694 nobis
584 636 689 712 gratia,

135 717 210 786 Quae
224 719 312 775 corda
325 723 426 775 nostra
439 719 495 774 sibi
508 717 596 775 faciat
609 717 786 790 habitacula,

134 796 279 874 Expulsis
292 798 360 856 inde
374 799 487 855 cunctis
500 799 582 855 vitiis
596 798 785 875 spiritalibus,

136 877 266 953 Spiritus
280 879 363 951 alme,
377 878 542 936 illustrator
554 879 717 951 hominum,

134 957 284 1016 Horridas
298 967 405 1016 nostrae
419 960 526 1016 mentis
539 979 633 1037 purga
645 961 789 1016 tenebras,

134 1039 266 1097 Amator
278 1047 377 1097 sancte
391 1047 572 1097 sensatorum
587 1059 700 1117 semper
712 1041 905 1116 cogitatuum,
923 1098 926 1103 ,

134 1119 267 1178 Infimde
280 1123 450 1178 unctionem
463 1128 545 1178 tuam
560 1121 685 1178 clemens
698 1122 808 1179 nostris
821 1123 961 1178 sensibus.

134 1199 182 1258 Tu
195 1202 366 1277 purificator
379 1202 511 1259 omnium
529 1202 706 1278 flagitiorum
722 1201 861 1278 Spiritus

135 1280 265 1340 Purifica
277 1283 372 1340 nostri
385 1283 502 1340 oculum
515 1283 664 1340 interioris
677 1283 813 1355 hominis,

135 1361 183 1420 Ut
197 1363 292 1419 videri
305 1383 457 1439 supremus
470 1365 585 1440 genitor
598 1364 689 1439 possit
702 1383 720 1420 a
733 1363 826 1435 nobis,

135 1442 245 1500 Mundi
260 1443 370 1502 cordis*
383 1464 470 1520 quem
483 1445 538 1501 soli
552 1463 668 1501 cernere
681 1451 803 1519 possunt
817 1444 901 1502 oculi.

133 1523 300 1601 Prophetas
313 1532 347 1582 tu
360 1525 520 1600 inspirasti,
534 1530 569 1581 ut
582 1525 727 1600 praeconia
742 1524 853 1581 Christi
866 1525 1089 1600 praecinuissent
1101 1523 1220 1600 inclyta.

134 1604 296 1680 Apostolos
306 1606 485 1677 confortasti,
497 1612 532 1662 ut
545 1611 689 1680 tropaeum
704 1605 815 1662 Ohristi
829 1625 882 1681 per
894 1611 991 1663 totum
1005 1605 1150 1662 mundum
1163 1605 1314 1664 veherent.

136 1685 262 1755 Quando
275 1687 441 1743 machinam
454 1686 642 1762 perverbum
656 1705 742 1742 suum
756 1685 826 1742 fecit
840 1686 922 1743 Deus
936 1687 1008 1757 caeli,
1023 1693 1117 1758 terrae,
1133 1687 1268 1743 marium.

134 1765 181 1823 Tu
194 1786 282 1843 super
295 1787 391 1843 aquas,
408 1768 522 1824 foturus
536 1786 592 1838 eas,
607 1786 718 1823 numen
732 1774 819 1823 tuum
833 1768 1007 1843 expandisti,
1024 1767 1159 1843 Spiritus.

134 1846 181 1906 Tu
194 1848 349 1904 animabus
362 1849 553 1919 vivificandis,
570 1867 660 1924 aquas
673 1849 829 1920 fecundas,

134 1927 189 2001 Tu,
205 1929 368 2005 aspirando,
384 1930 436 1985 das
450 1929 594 2005 spiritales
607 1949 669 1985 esse
682 1929 833 2001 homines3

133 2008 179 2065 Tu
193 2010 321 2066 divisum
335 2030 387 2086 per
400 2009 515 2085 linguas
529 2010 673 2066 mundum
688 2017 718 2066 et
732 2010 807 2066 ritus
820 2009 966 2079 adunasti,
983 2009 1118 2066 Domine.

134 2089 282 2147 Idolatras
296 2091 332 2147 ad
346 2091 459 2147 cultum
474 2090 533 2147 Dei
546 2110 672 2161 revocas
689 2091 895 2166 magistrorum
909 2091 1026 2166 optime.

133 2169 213 2247 Ergo
227 2191 281 2228 nos
295 2172 492 2247 supplicantes
505 2171 562 2228 tibi
575 2171 682 2228 exaudi
696 2171 850 2247 propitius
868 2171 974 2227 Sancte
989 2169 1126 2246 Spiritus

133 2251 205 2309 Sine
219 2271 277 2327 quo
291 2272 388 2327 preces
402 2271 502 2309 omnes
516 2271 601 2309 oassae
616 2252 784 2324 creduntur,
800 2257 830 2308 et
843 2251 970 2328 indignae
985 2251 1044 2308 Dei
1057 2250 1185 2308 auribus.

132 2331 186 2404 Tu,
203 2333 256 2408 qui
269 2333 400 2389 omnium
414 2333 586 2390 saeculorum
601 2339 715 2389 sanctos

133 2413 192 2470 Tui
205 2415 332 2470 nominis
345 2414 470 2470 docuisti
483 2414 625 2471 instinctu
639 2413 849 2490 amplectendo,
865 2412 1002 2489 Spiritus,

133 2493 204 2570 Ipse
217 2493 303 2551 hodie
317 2495 462 2571 apostolos
476 2495 588 2552 Christi

132 2574 257 2631 Donans
271 2595 391 2632 munere
405 2575 523 2632 insolito
538 2581 569 2632 et
582 2574 694 2631 cunctis
708 2575 842 2632 inaudito
857 2574 978 2648 saeculis,

133 2654 227 2713 Hunc
242 2656 319 2712 diem
332 2656 490 2732 gloriosum
504 2656 606 2713 fecisti

193 2749 392 2822 Evangeliam.
435 2748 601 2806 Samiarium
614 2747 780 2806 Jotaaaam
794 2747 866 2823 (aiv.
882 2747 995 2826 23-31)

194 2830 233 2886 In
246 2830 296 2886 illo
310 2836 449 2904 tempore,
469 2829 557 2885 Dixit
576 2829 597 2887 J
599 2849 663 2886 esus
677 2830 827 2906 discipulis
840 2831 900 2887 suis
906 2850 914 2901 3
936 2829 968 2886 Si
982 2830 1048 2905 quis
1066 2828 1164 2905 diligit
1180 2848 1228 2885 me
1245 2848 1335 2904 arque
1355 2826 1359 2834 ’

134 2910 173 2968 od
185 2910 257 2985 quia
270 2911 359 2986 diligo
373 2910 502 2982 Patrem,
517 2916 548 2966 et
561 2910 638 2967 siout
650 2910 824 2967 mandatum
839 2911 921 2968 dedit
933 2911 1010 2973 mihi
1023 2911 1122 2983 Pater,
1138 2910 1179 2967 sio
1191 2909 1274 2967 facio.

195 2991 297 3047 Credo.

195 3071 389 3146 Offirtoriam.

194 3153 343 3210 (lonfirma
364 3152 426 3224 hoc,
443 3153 534 3223 Deus,
549 3152 628 3228 quod
650 3158 786 3229 operatus
799 3171 830 3210 cs
851 3152 884 3208 in
901 3152 995 3221 nobis,
1010 3171 1028 3208 a
1050 3151 1160 3228 templo
1182 3156 1235 3208 tuo
1257 3150 1335 3228 quod

134 3238 178 3292 est
194 3235 227 3290 in
242 3233 447 3291 Hierusalem:
468 3234 525 3290 tibi
539 3234 663 3290 offerent
676 3253 757 3310 reges
770 3253 902 3306 munera,
917 3232 1051 3307 alleluya.

193 3314 313 3373 Secreta.

193 3395 330 3467 Munera,
346 3414 521 3470 quaesumus,
537 3395 673 3466 Domine,
690 3394 788 3451 oblata
801 3394 957 3466 sanctifica,
974 3400 1004 3451 et
1018 3393 1105 3451 corda
1118 3395 1219 3450 nostra
1233 3392 1335 3450 Sancti

131 3476 263 3554 Spiritus
277 3475 475 3532 illustratione
489 3476 623 3532 emunda.
666 3475 724 3532 Per
738 3475 908 3532 Dominum.
953 3475 992 3531 In
1005 3474 1122 3531 unitate
1136 3473 1274 3549 ejusdem.

192 3556 344 3631 Praefatio.
388 3557 448 3625 Qui
473 3557 631 3613 ascendens
655 3574 741 3632 super
763 3575 863 3613 omnes
888 3556 979 3613 caelos.
1024 3554 1281 3612 Communicantes
1305 3560 1335 3611 et

129 3639 211 3696 diem
237 3637 462 3694 sacratissimam
482 3638 669 3694 Pentecostes
690 3637 874 3694 celebrantes.
917 3637 958 3692 Et
979 3637 1067 3693 Hanc
1086 3636 1184 3711 igitur.
1228 3634 1336 3701 †Oom-

128 3720 318 3777 municantes
333 3727 357 3775 et
372 3718 461 3774 Hanc
474 3719 566 3794 igitur
579 3738 670 3792 usqae
683 3719 723 3774 ad
744 3717 863 3774 Festum
883 3716 998 3775 Scactae
1015 3717 1172 3790 Trinitatis
1185 3716 1333 3786 dicautur,

127 3799 248 3860 etiamsi
261 3799 378 3856 dicatur
392 3800 425 3856 dc
439 3798 522 3856 Festo
536 3799 662 3874 alicecy'us
674 3798 777 3856 Sancti
790 3799 846 3856 sive
860 3798 894 3856 cte
909 3798 1200 3863 commemorationem

194 3880 377 3938 Communia.

192 3961 304 4018 Factus
317 3968 362 4017 est
378 3966 499 4036 repente
514 3961 549 4017 de
564 3960 633 4017 caelo
648 3979 736 4016 sonus
750 3960 936 4017 advenientis
952 3960 1073 4037 spiritus
1086 3958 1270 4016 vehementis
1282 3959 1336 4016 ubi

126 4048 217 4102 erant
232 4042 374 4113 sedentes,
390 4041 537 4117 alleluya:
559 4048 590 4097 et
603 4041 709 4117 repleti
723 4048 794 4098 sunt
807 4061 908 4098 omnes
922 4041 1037 4117 Spiritu
1052 4041 1168 4114 Sancto,
1183 4039 1337 4116 loquentes

128 4122 281 4200 magnalia
294 4122 360 4194 Dei,
376 4122 511 4198 alleluya,
528 4121 663 4198 alleluya.

192 4203 432 4262 Poatcommuaio.

193 4284 296 4343 Sancti
310 4284 447 4360 Spiritus,
463 4282 600 4356 Domine,
617 4283 704 4342 corda
717 4289 819 4341 nostra
839 4283 962 4340 mundet
982 4282 1112 4340 infusio:
1142 4287 1173 4340 et
1194 4281 1242 4340 sui
1262 4281 1337 4339 roris

132 4365 239 4423 intima
264 4365 431 4443 aspersione
457 4364 603 4423 fecundet.
671 4365 730 4422 Per
756 4364 927 4422 Dominum.
997 4364 1037 4420 In
1062 4363 1180 4422 unitate
1206 4363 1336 4440 ejusdem

135 4445 270 4523 Spiritus

310 4537 324 4566 ³
338 4535 410 4582 MSS.
422 4535 441 4582 O
452 4535 500 4581 and
510 4534 650 4582 D-Mundi
659 4535 736 4585 corde.
908 4535 922 4596 †
937 4533 1073 4581 Om-MS.
1084 4533 1114 4580 D.
