2926 4996
464 377 489 440 I
487 371 514 440 rc
527 374 715 440 Nuiioiiuie
729 376 881 442 Domini.

135 541 307 624 [Inferiores
322 543 453 601 Rectoroa
466 542 566 600 dicant
582 541 708 601 Gradade
720 543 755 601 irc
763 544 997 620 pudicita—MS.
1015 546 1067 628 D.]

135 636 269 695 Gradale.

134 718 314 776 Benedictus
345 716 397 793 qui
426 716 509 774 venit
542 716 575 773 in
609 719 728 776 nomino
757 719 903 778 Domini:
944 721 1026 779 Deus
1057 723 1212 794 Dominus,
1247 731 1277 782 et

71 798 177 856 illuxit
196 799 289 855 nobis.

78 880 108 939 V.
130 881 164 938 A
187 879 317 937 Domino
339 878 450 936 sactum
475 884 536 936 est:
566 883 597 936 et
621 885 665 936 est
683 881 818 940 mirabile
837 883 869 939 in
890 883 981 940 oculis
1000 885 1116 942 nostris.

98 1060 105 1075 ι
134 976 306 1058 [Repetatur
331 975 457 1033 Gradalc
479 986 546 1052 posi
576 978 700 1036 Versum.
751 977 865 1036 Deinde
887 981 946 1036 duo
969 981 1127 1055 superiores
1149 982 1277 1040 Rectorac

71 1057 288 1215 (imag-¹01&
303 1054 362 1195 Dll
384 1137 531 1196 Dominus
551 1140 696 1215 regnauit,
718 1141 852 1198 decorem
868 1141 984 1199 induit:
1008 1140 1108 1199 induit
1128 1143 1275 1200 Dominus

70 1220 289 1290 fortitudinem,
305 1224 336 1275 et
349 1219 507 1294 praecinxit
521 1240 550 1277 se
564 1221 685 1278 virtute.
1104 1239 1106 1244 ⁴

134 1315 301 1398 [Beiocepto
342 1315 486 1392 Alleluya
522 1336 542 1374 a
576 1317 751 1389 Rectoribus,
786 1318 949 1394 incipiatur
979 1340 998 1376 a
1032 1320 1198 1379 b'acceatore
1228 1320 1275 1378 Sa-

69 1397 307 1476 pientia—MS.
325 1395 377 1476 D.]

132 1495 297 1572 Sequentia.

194 1575 395 1634 Laetabundus
408 1577 523 1634 exultet
536 1577 630 1634 fidelis
644 1578 757 1649 chorus,
776 1577 923 1653 Alleluya.

194 1659 307 1733 Regem
321 1675 423 1732 regum
437 1658 555 1715 intactae
570 1659 702 1734 profudit
715 1665 799 1715 torus
812 1679 858 1716 res
872 1659 1013 1716 miranda.

193 1737 329 1814 Angelus
343 1737 457 1794 consilii
470 1745 558 1796 natus
572 1745 617 1796 est
630 1740 666 1796 de
680 1740 802 1815 virgine,
817 1739 861 1796 sol
874 1740 910 1797 de
924 1741 1016 1798 stella.

194 1819 245 1877 Sol
259 1837 392 1875 occasum
405 1820 545 1891 nesciens
560 1820 644 1877 stella
658 1840 771 1897 semper
784 1821 919 1891 rutilam,
934 1840 1049 1896 semper
1062 1821 1147 1879 clara.

194 1900 279 1958 Sicut
292 1898 372 1955 sidus
386 1899 507 1972 radium,
524 1901 636 1976 profert
648 1901 732 1977 virgo
746 1901 849 1972 filium,
865 1902 929 1976 pari
942 1901 1043 1960 forma.

192 1981 300 2057 Neque
314 1979 393 2036 sidus
408 1982 497 2051 radic,
513 2001 609 2056 neque
623 1988 718 2039 mater
731 1982 801 2052 filio,
816 1982 852 2038 fit
865 1989 1010 2058 corrupta.

193 2062 306 2119 Oedrus
319 2060 381 2116 alta
395 2062 501 2118 Libani
516 2063 717 2119 conformatur
729 2062 855 2138 hyssopo
870 2063 946 2120 valle
960 2069 1069 2120 nostra.

192 2142 328 2199 Verbum
343 2160 395 2199 ens
409 2143 545 2199 altissimi
558 2143 701 2219 corporali
721 2163 840 2218 passum
854 2149 898 2200 est
912 2163 997 2200 carne
1011 2152 1135 2219 sumpta.

192 2223 294 2281 Fsaias
308 2221 441 2295 cecinit*
466 2243 613 2300 synagoga
633 2223 776 2295 meminit,
799 2243 952 2299 nunquam
972 2230 1074 2281 tamen
1091 2223 1275 2307 desinitssesse

272 2324 367 2377 caeca;

189 2385 296 2444 Sinon
310 2387 370 2442 suis
384 2385 510 2454 vatibus
525 2385 624 2442 credat
645 2385 693 2442 vel
713 2384 881 2461 gentilibus,
898 2384 1051 2462 Sibyllinis
1065 2388 1198 2445 versibus
1211 2389 1274 2446 haec

288 2467 428 2525 raedictc:

192 2487 305 2605 Infelix
318 2567 449 2624 propera,
466 2547 550 2604 crede
565 2547 611 2604 vel
624 2552 743 2619 vetera;
770 2567 823 2604 cur
835 2547 1029 2620 damnaberis
1045 2569 1116 2625 gens
1129 2549 1242 2608 misera.

192 2630 288 2698 Quem
302 2629 387 2686 docet
400 2629 495 2700 litera,
511 2633 616 2685 natum
630 2628 799 2685 considera:
822 2627 926 2704 Ipsum
939 2631 1043 2705 genuit
1056 2650 1207 2707 puerpera.

131 2778 437 2861 [Evangeliumjurcta
450 2778 551 2835 Alture
565 2776 800 2836 dicutur—MS.
817 2775 869 2857 Ii]

129 2876 298 2935 Secundum
316 2875 425 2933 lucam
438 2874 487 2952 (ii.
506 2874 620 2952 15-20).

130 2959 171 3015 In
198 2957 251 3014 illo
277 2962 418 3032 tempore,
446 2956 583 3012 Pastores
613 2953 812 3030 loquebantur
838 2955 877 3013 ad
904 2955 1031 3012 invicem
1058 2976 1148 3032 usquc
1175 2961 1216 3016 ud
1242 2966 1273 3016 et

66 3040 215 3109 viderant,
240 3039 317 3095 sicut
344 3038 457 3094 dictum
484 3042 529 3095 est
557 3035 595 3092 ad
623 3035 696 3093 illos.

131 3121 234 3180 Crede.

132 3219 157 3277 0
178 3219 325 3276 ertorium.
714 3257 717 3263 .

131 3220 214 3358 Dſjerus
237 3299 317 3356 enim
338 3296 469 3354 firmavit
493 3296 594 3353 orbem
614 3301 708 3365 terrae,
728 3295 780 3370 qui
800 3314 861 3351 non
886 3296 1136 3354 commovebitur:
1170 3304 1272 3373 parata

68 3381 153 3439 sedes
166 3387 228 3452 tua,
244 3380 335 3453 Deus,
350 3385 473 3436 extunc
484 3396 493 3449 3
516 3397 534 3434 a
548 3376 653 3434 saeculo
667 3384 702 3433 tu
716 3395 752 3432 ea.

130 3460 251 3520 Sacrata.

131 3543 260 3600 Munera
280 3547 388 3613 nostra,
411 3559 587 3616 quaesumm,
610 3538 746 3609 Domine,
769 3538 936 3596 nativitatis
956 3538 1104 3596 hodiernae
1125 3539 1274 3614 mysteriis

67 3631 141 3702 apta
161 3624 357 3700 proveniant:
382 3628 417 3678 ut
438 3622 514 3678 sicut
534 3619 622 3677 homo
643 3619 761 3695 genitus
783 3619 862 3676 idern
878 3619 995 3676 refulsit
1015 3619 1106 3690 Deus,
1128 3620 1168 3677 sic
1189 3621 1274 3679 nobis

66 3707 132 3763 haec
145 3711 265 3762 terrena
277 3702 443 3760 substantia
457 3702 588 3758 conferat
601 3700 680 3776 quod
693 3699 828 3756 divinum
844 3707 895 3758 est.

130 3785 203 3842 Alia
222 3783 342 3842 Secreto.

130 3866 251 3941 Accipe,
277 3884 451 3941 quaesumus,
477 3864 614 3934 Domine,
643 3882 766 3920 munera
794 3863 950 3938 dignanter
973 3863 1092 3925 oblata:
1123 3869 1153 3921 et
1180 3865 1272 3922 beatae

69 3947 237 4008 Anastasiae
247 3946 386 4021 martyris
400 3951 457 4001 tuae
469 3944 697 4019 suffragantibus
711 3944 824 4001 meritis
838 3944 875 4000 ad
889 3951 995 4001 nostroe
1010 3947 1113 4006 salutis
1127 3946 1272 4002 auxilium

67 4029 224 4109 provenire
238 4026 370 4083 concede.
414 4025 472 4083 Per
485 4025 648 4082 Dominum
661 4031 804 4082 nostrum.

131 4107 282 4183 Proesotio.
331 4107 409 4177 Quia
426 4126 479 4183 per
499 4106 659 4163 Iucarnati.
714 4105 971 4165 Communicantes
991 4115 1022 4166 et
1043 4109 1120 4168 diem
1142 4110 1272 4167 sacratis-

68 4195 186 4251 simum.

132 4288 216 4371 [Haec
229 4286 372 4362 Praefalc‘o
386 4293 411 4343 et
432 4285 690 4344 Communicantes
703 4285 842 4342 (licaretur
855 4285 908 4343 tac
928 4287 974 4346 dic
998 4290 1038 4347 ad
1057 4310 1153 4348 omncs
1165 4287 1274 4345 Missas

68 4383 96 4431 et
114 4379 255 4447 portoras
270 4368 399 4440 Octavus,
416 4368 449 4424 da
463 4385 631 4441 quocunque
643 4369 684 4440 fit
697 4364 863 4438 Seruilium,
878 4367 921 4426 val
934 4369 968 4427 dc
984 4390 1152 4446 quocrrrrque
1166 4368 1272 4428 Sancto

428 4526 441 4550 ¹*
457 4523 510 4574 MS.
525 4525 551 4573 C.
565 4523 612 4569 ond
623 4523 683 4573 Eud.
697 4525 709 4568 1
721 4523 768 4569 and
778 4526 792 4570 3
803 4526 917 4584 proerinit.

466 4603 482 4643 (l
