<?xml version="1.0" encoding="UTF-8"?>
<!DOCTYPE html PUBLIC "-//W3C//DTD XHTML 1.0 Transitional//EN"
    "http://www.w3.org/TR/xhtml1/DTD/xhtml1-transitional.dtd">
<html xmlns="http://www.w3.org/1999/xhtml" xml:lang="en" lang="en">
 <head>
  <title>
</title>
<meta http-equiv="Content-Type" content="text/html;charset=utf-8" />
  <meta name='ocr-system' content='tesseract 3.04.00' />
  <meta name='ocr-capabilities' content='ocr_page ocr_carea ocr_par ocr_line ocrx_word'/>
</head>
<body>
  <div class='ocr_page' id='page_1' title='image "./missaleadusumin00churgoog_0132.png"; bbox 0 0 2926 4996; ppageno 0'>
   <div class='ocr_carea' id='block_1_1' title="bbox 388 352 1273 438">
    <p class='ocr_par' dir='ltr' id='par_1_1' title="bbox 388 352 1273 438">
     <span class='ocr_line' id='line_1_1' title="bbox 388 352 1273 438; baseline 0.002 -20"><span class='ocrx_word' id='word_1_1' title='bbox 388 353 428 417; x_wconf 88' lang='grc' dir='ltr'><em>Η</em></span> <span class='ocrx_word' id='word_1_2' title='bbox 426 353 607 418; x_wconf 66' lang='lat' dir='ltr'>obdormio</span> <span class='ocrx_word' id='word_1_3' title='bbox 622 355 656 433; x_wconf 67' lang='lat' dir='ltr'>us</span> <span class='ocrx_word' id='word_1_4' title='bbox 668 352 946 438; x_wconf 77' lang='lat' dir='ltr'>Quadropca&#39;imoe.</span> <span class='ocrx_word' id='word_1_5' title='bbox 1226 354 1273 429; x_wconf 67' lang='lat'>79¹</span> 
     </span>
    </p>
   </div>
   <div class='ocr_carea' id='block_1_2' title="bbox 59 520 1269 679">
    <p class='ocr_par' dir='ltr' id='par_1_2' title="bbox 59 520 1269 679">
     <span class='ocr_line' id='line_1_2' title="bbox 59 520 1269 660; baseline 0.001 -81"><span class='ocrx_word' id='word_1_6' title='bbox 59 541 130 660; x_wconf 58' lang='lat' dir='ltr'>{rgo</span> <span class='ocrx_word' id='word_1_7' title='bbox 144 522 264 660; x_wconf 71' lang='lat' dir='ltr'>lapildes,</span> <span class='ocrx_word' id='word_1_8' title='bbox 279 527 315 579; x_wconf 91' lang='lat' dir='ltr'>ut</span> <span class='ocrx_word' id='word_1_9' title='bbox 331 522 465 598; x_wconf 89' lang='lat' dir='ltr'>jacerent</span> <span class='ocrx_word' id='word_1_10' title='bbox 478 521 511 577; x_wconf 91' lang='lat' dir='ltr'>in</span> <span class='ocrx_word' id='word_1_11' title='bbox 532 541 618 579; x_wconf 89' lang='lat' dir='ltr'>cum:</span> <span class='ocrx_word' id='word_1_12' title='bbox 648 520 670 577; x_wconf 83' lang='lat' dir='ltr'><strong>J</strong></span> <span class='ocrx_word' id='word_1_13' title='bbox 672 540 737 578; x_wconf 86' lang='lat' dir='ltr'>esus</span> <span class='ocrx_word' id='word_1_14' title='bbox 759 526 859 578; x_wconf 86' lang='lat' dir='ltr'>autem</span> <span class='ocrx_word' id='word_1_15' title='bbox 881 521 1035 578; x_wconf 73' lang='lat' dir='ltr'><strong>abscondit</strong></span> <span class='ocrx_word' id='word_1_16' title='bbox 1059 541 1098 594; x_wconf 88' lang='lat' dir='ltr'>se,</span> <span class='ocrx_word' id='word_1_17' title='bbox 1121 526 1152 579; x_wconf 90' lang='lat' dir='ltr'>et</span> <span class='ocrx_word' id='word_1_18' title='bbox 1173 522 1269 580; x_wconf 76' lang='lat' dir='ltr'>exivit</span> 
     </span>
     <span class='ocr_line' id='line_1_3' title="bbox 81 608 230 679; baseline -0.007 -18"><span class='ocrx_word' id='word_1_19' title='bbox 81 623 97 661; x_wconf 87' lang='lat' dir='ltr'>e</span> <span class='ocrx_word' id='word_1_20' title='bbox 115 608 230 679; x_wconf 80' lang='lat' dir='ltr'>tempo</span> 
     </span>
    </p>
   </div>
   <div class='ocr_carea' id='block_1_3' title="bbox 123 683 1268 836">
    <p class='ocr_par' dir='ltr' id='par_1_3' title="bbox 123 683 1268 836">
     <span class='ocr_line' id='line_1_4' title="bbox 123 683 1268 836; baseline 0.001 -13"><span class='ocrx_word' id='word_1_21' title='bbox 123 683 372 836; x_wconf 61' lang='lat' dir='ltr'>(Oldiiiiddddintibi,</span> <span class='ocrx_word' id='word_1_22' title='bbox 389 763 549 835; x_wconf 87' lang='lat' dir='ltr'>Domine,</span> <span class='ocrx_word' id='word_1_23' title='bbox 540 783 574 820; x_wconf 90' lang='lat' dir='ltr'>1n</span> <span class='ocrx_word' id='word_1_24' title='bbox 587 769 653 820; x_wconf 91' lang='lat' dir='ltr'>toto</span> <span class='ocrx_word' id='word_1_25' title='bbox 674 735 759 821; x_wconf 89' lang='lat' dir='ltr'>corde</span> <span class='ocrx_word' id='word_1_26' title='bbox 781 783 867 822; x_wconf 89' lang='lat' dir='ltr'>meo:</span> <span class='ocrx_word' id='word_1_27' title='bbox 889 763 1021 821; x_wconf 80' lang='lat' dir='ltr'>retribue</span> <span class='ocrx_word' id='word_1_28' title='bbox 1045 783 1129 821; x_wconf 83' lang='lat' dir='ltr'>servo</span> <span class='ocrx_word' id='word_1_29' title='bbox 1151 772 1212 834; x_wconf 88' lang='lat' dir='ltr'>tuo,</span> <span class='ocrx_word' id='word_1_30' title='bbox 1232 773 1268 824; x_wconf 90' lang='lat' dir='ltr'>ut</span> 
     </span>
    </p>
   </div>
   <div class='ocr_carea' id='block_1_4' title="bbox 57 844 1268 1893">
    <p class='ocr_par' dir='ltr' id='par_1_4' title="bbox 57 844 1268 998">
     <span class='ocr_line' id='line_1_5' title="bbox 57 844 1268 918; baseline -0.001 -12"><span class='ocrx_word' id='word_1_31' title='bbox 57 847 171 918; x_wconf 77' lang='lat' dir='ltr'>vivam,</span> <span class='ocrx_word' id='word_1_32' title='bbox 202 853 233 904; x_wconf 89' lang='lat' dir='ltr'>et</span> <span class='ocrx_word' id='word_1_33' title='bbox 256 854 321 903; x_wconf 88' lang='lat' dir='ltr'>cust</span> <span class='ocrx_word' id='word_1_34' title='bbox 310 846 420 903; x_wconf 88' lang='lat' dir='ltr'>todiam</span> <span class='ocrx_word' id='word_1_35' title='bbox 452 864 600 903; x_wconf 83' lang='lat' dir='ltr'>sermones</span> <span class='ocrx_word' id='word_1_36' title='bbox 621 850 708 901; x_wconf 89' lang='lat' dir='ltr'>tuos·</span> <span class='ocrx_word' id='word_1_37' title='bbox 739 844 858 902; x_wconf 79' lang='lat' dir='ltr'>vivifica</span> <span class='ocrx_word' id='word_1_38' title='bbox 885 864 931 901; x_wconf 91' lang='lat' dir='ltr'>me</span> <span class='ocrx_word' id='word_1_39' title='bbox 959 845 1119 903; x_wconf 88' lang='lat' dir='ltr'>secundum</span> <span class='ocrx_word' id='word_1_40' title='bbox 1144 848 1268 905; x_wconf 90' lang='lat' dir='ltr'>verbum</span> 
     </span>
     <span class='ocr_line' id='line_1_6' title="bbox 57 925 315 998; baseline -0.004 -14"><span class='ocrx_word' id='word_1_41' title='bbox 57 934 156 998; x_wconf 88' lang='lat' dir='ltr'>tunm,</span> <span class='ocrx_word' id='word_1_42' title='bbox 166 987 169 994; x_wconf 65' lang='grc'><em>,</em></span> <span class='ocrx_word' id='word_1_43' title='bbox 180 925 315 984; x_wconf 88' lang='lat' dir='ltr'>Domine.</span> 
     </span>
    </p>

    <p class='ocr_par' dir='ltr' id='par_1_5' title="bbox 121 1008 1107 1075">
     <span class='ocr_line' id='line_1_7' title="bbox 121 1008 1107 1075; baseline -0.002 -9"><span class='ocrx_word' id='word_1_44' title='bbox 121 1008 243 1066; x_wconf 79' lang='lat' dir='ltr'>Secreto.</span> <span class='ocrx_word' id='word_1_45' title='bbox 1103 1065 1107 1075; x_wconf 73' lang='grc'><strong><em>,</em></strong></span> 
     </span>
    </p>

    <p class='ocr_par' dir='ltr' id='par_1_6' title="bbox 57 1087 1266 1241">
     <span class='ocr_line' id='line_1_8' title="bbox 122 1087 1266 1164; baseline 0.002 -18"><span class='ocrx_word' id='word_1_46' title='bbox 122 1089 198 1146; x_wconf 84' lang='lat' dir='ltr'>Haec</span> <span class='ocrx_word' id='word_1_47' title='bbox 232 1107 363 1160; x_wconf 88' lang='lat' dir='ltr'>munera,</span> <span class='ocrx_word' id='word_1_48' title='bbox 392 1107 568 1163; x_wconf 87' lang='lat' dir='ltr'>quaesumus,</span> <span class='ocrx_word' id='word_1_49' title='bbox 598 1087 736 1157; x_wconf 86' lang='lat' dir='ltr'>Domine,</span> <span class='ocrx_word' id='word_1_50' title='bbox 765 1091 793 1144; x_wconf 85' lang='lat' dir='ltr'>et</span> <span class='ocrx_word' id='word_1_51' title='bbox 826 1087 946 1144; x_wconf 88' lang='lat' dir='ltr'>vincula</span> <span class='ocrx_word' id='word_1_52' title='bbox 972 1093 1079 1144; x_wconf 86' lang='lat' dir='ltr'>nostrae</span> <span class='ocrx_word' id='word_1_53' title='bbox 1108 1090 1266 1164; x_wconf 89' lang='lat' dir='ltr'>pravitatis</span> 
     </span>
     <span class='ocr_line' id='line_1_9' title="bbox 57 1167 1209 1241; baseline 0.001 -13"><span class='ocrx_word' id='word_1_54' title='bbox 57 1170 223 1241; x_wconf 75' lang='lat' dir='ltr'>absolvant,</span> <span class='ocrx_word' id='word_1_55' title='bbox 234 1176 265 1226; x_wconf 92' lang='lat' dir='ltr'>et</span> <span class='ocrx_word' id='word_1_56' title='bbox 278 1175 337 1226; x_wconf 87' lang='lat' dir='ltr'>tuae</span> <span class='ocrx_word' id='word_1_57' title='bbox 351 1169 436 1225; x_wconf 88' lang='lat' dir='ltr'>nobis</span> <span class='ocrx_word' id='word_1_58' title='bbox 449 1168 655 1241; x_wconf 75' lang='lat' dir='ltr'>misericordiae</span> <span class='ocrx_word' id='word_1_59' title='bbox 669 1168 746 1225; x_wconf 90' lang='lat' dir='ltr'>dona</span> <span class='ocrx_word' id='word_1_60' title='bbox 759 1168 923 1226; x_wconf 87' lang='lat' dir='ltr'>concilient.</span> <span class='ocrx_word' id='word_1_61' title='bbox 968 1167 1026 1225; x_wconf 91' lang='lat' dir='ltr'>Per</span> <span class='ocrx_word' id='word_1_62' title='bbox 1040 1168 1209 1229; x_wconf 90' lang='lat' dir='ltr'>Dominum.</span> 
     </span>
    </p>

    <p class='ocr_par' dir='ltr' id='par_1_7' title="bbox 121 1249 525 1326">
     <span class='ocr_line' id='line_1_10' title="bbox 121 1249 525 1326; baseline -0.005 -19"><span class='ocrx_word' id='word_1_63' title='bbox 121 1214 273 1326; x_wconf 77' lang='lat' dir='ltr'>Prrrfdtio.</span> <span class='ocrx_word' id='word_1_64' title='bbox 318 1250 378 1319; x_wconf 79' lang='lat' dir='ltr'>Qui</span> <span class='ocrx_word' id='word_1_65' title='bbox 392 1250 525 1306; x_wconf 89' lang='lat' dir='ltr'>salutem.</span> 
     </span>
    </p>

    <p class='ocr_par' dir='ltr' id='par_1_8' title="bbox 123 1330 305 1390">
     <span class='ocr_line' id='line_1_11' title="bbox 123 1330 305 1390; baseline -0.011 -1"><span class='ocrx_word' id='word_1_66' title='bbox 123 1330 305 1390; x_wconf 78' lang='lat' dir='ltr'>Communia</span> 
     </span>
    </p>

    <p class='ocr_par' dir='ltr' id='par_1_9' title="bbox 57 1383 1266 1640">
     <span class='ocr_line' id='line_1_12' title="bbox 69 1383 1266 1487; baseline 0.001 -18.045"><span class='ocrx_word' id='word_1_67' title='bbox 69 1412 190 1470; x_wconf 92' lang='lat' dir='ltr'>Hoc</span> <span class='ocrx_word' id='word_1_68' title='bbox 205 1429 255 1470; x_wconf 83' lang='lat' dir='ltr'>cor</span> <span class='ocrx_word' id='word_1_69' title='bbox 257 1431 310 1487; x_wconf 84' lang='lat' dir='ltr'>pus</span> <span class='ocrx_word' id='word_1_70' title='bbox 324 1411 402 1487; x_wconf 92' lang='lat' dir='ltr'>quod</span> <span class='ocrx_word' id='word_1_71' title='bbox 416 1430 469 1486; x_wconf 88' lang='lat' dir='ltr'>pro</span> <span class='ocrx_word' id='word_1_72' title='bbox 483 1383 567 1467; x_wconf 88' lang='lat' dir='ltr'>vobis</span> <span class='ocrx_word' id='word_1_73' title='bbox 579 1410 733 1467; x_wconf 91' lang='lat' dir='ltr'>tradetur:</span> <span class='ocrx_word' id='word_1_74' title='bbox 753 1410 801 1467; x_wconf 89' lang='lat' dir='ltr'>hio</span> <span class='ocrx_word' id='word_1_75' title='bbox 815 1409 894 1467; x_wconf 83' lang='lat' dir='ltr'>calix</span> <span class='ocrx_word' id='word_1_76' title='bbox 907 1409 979 1466; x_wconf 85' lang='lat' dir='ltr'>novi</span> <span class='ocrx_word' id='word_1_77' title='bbox 992 1412 1163 1468; x_wconf 73' lang='lat' dir='ltr'>testamenti</span> <span class='ocrx_word' id='word_1_78' title='bbox 1176 1414 1242 1470; x_wconf 87' lang='lat' dir='ltr'>est</span> <span class='ocrx_word' id='word_1_79' title='bbox 1234 1434 1266 1470; x_wconf 88' lang='grc'>111</span> 
     </span>
     <span class='ocr_line' id='line_1_13' title="bbox 58 1491 1266 1570; baseline 0.002 -20"><span class='ocrx_word' id='word_1_80' title='bbox 58 1513 125 1551; x_wconf 92' lang='lat' dir='ltr'>meo</span> <span class='ocrx_word' id='word_1_81' title='bbox 148 1513 222 1570; x_wconf 86' lang='lat' dir='ltr'>sang</span> <span class='ocrx_word' id='word_1_82' title='bbox 224 1494 300 1565; x_wconf 90' lang='lat' dir='ltr'>uine,</span> <span class='ocrx_word' id='word_1_83' title='bbox 322 1493 394 1549; x_wconf 87' lang='lat' dir='ltr'>dicit</span> <span class='ocrx_word' id='word_1_84' title='bbox 418 1492 585 1550; x_wconf 86' lang='lat' dir='ltr'>Dominus:</span> <span class='ocrx_word' id='word_1_85' title='bbox 615 1491 670 1548; x_wconf 89' lang='lat' dir='ltr'>hoc</span> <span class='ocrx_word' id='word_1_86' title='bbox 697 1491 793 1563; x_wconf 87' lang='lat' dir='ltr'>facite,</span> <span class='ocrx_word' id='word_1_87' title='bbox 819 1492 1061 1566; x_wconf 83' lang='lat' dir='ltr'>quotiescumque</span> <span class='ocrx_word' id='word_1_88' title='bbox 1085 1493 1209 1567; x_wconf 89' lang='lat' dir='ltr'>sumitis,</span> <span class='ocrx_word' id='word_1_89' title='bbox 1233 1496 1266 1552; x_wconf 85' lang='lat' dir='ltr'>in</span> 
     </span>
     <span class='ocr_line' id='line_1_14' title="bbox 57 1573 491 1640; baseline -0.005 -8"><span class='ocrx_word' id='word_1_90' title='bbox 57 1594 155 1632; x_wconf 88' lang='lat' dir='ltr'>meam</span> <span class='ocrx_word' id='word_1_91' title='bbox 178 1573 491 1640; x_wconf 82' lang='lat' dir='ltr'>commemorationem.</span> 
     </span>
    </p>

    <p class='ocr_par' dir='ltr' id='par_1_10' title="bbox 119 1653 362 1713">
     <span class='ocr_line' id='line_1_15' title="bbox 119 1653 362 1713; baseline 0.004 -2"><span class='ocrx_word' id='word_1_92' title='bbox 119 1653 362 1713; x_wconf 75' lang='lat' dir='ltr'>Poatcommunio</span> 
     </span>
    </p>

    <p class='ocr_par' dir='ltr' id='par_1_11' title="bbox 58 1734 1265 1893">
     <span class='ocr_line' id='line_1_16' title="bbox 119 1734 1265 1811; baseline 0.002 -18"><span class='ocrx_word' id='word_1_93' title='bbox 119 1736 236 1794; x_wconf 87' lang='lat' dir='ltr'>Adesto</span> <span class='ocrx_word' id='word_1_94' title='bbox 263 1736 356 1806; x_wconf 73' lang='lat' dir='ltr'>nobis</span> <span class='ocrx_word' id='word_1_95' title='bbox 386 1754 560 1811; x_wconf 88' lang='lat' dir='ltr'>quaesumus,</span> <span class='ocrx_word' id='word_1_96' title='bbox 592 1734 721 1790; x_wconf 91' lang='lat' dir='ltr'>Domine</span> <span class='ocrx_word' id='word_1_97' title='bbox 755 1734 837 1790; x_wconf 89' lang='lat' dir='ltr'>Deus</span> <span class='ocrx_word' id='word_1_98' title='bbox 870 1739 996 1790; x_wconf 88' lang='lat' dir='ltr'>noster:</span> <span class='ocrx_word' id='word_1_99' title='bbox 1034 1740 1065 1791; x_wconf 86' lang='lat' dir='ltr'>et</span> <span class='ocrx_word' id='word_1_100' title='bbox 1099 1754 1172 1811; x_wconf 88' lang='lat' dir='ltr'>quos</span> <span class='ocrx_word' id='word_1_101' title='bbox 1205 1737 1265 1796; x_wconf 87' lang='lat' dir='ltr'>tuis</span> 
     </span>
     <span class='ocr_line' id='line_1_17' title="bbox 58 1814 1117 1893; baseline -0.001 -20"><span class='ocrx_word' id='word_1_102' title='bbox 58 1818 209 1893; x_wconf 84' lang='lat' dir='ltr'>mysteriis</span> <span class='ocrx_word' id='word_1_103' title='bbox 223 1817 370 1889; x_wconf 81' lang='lat' dir='ltr'>recreasti,</span> <span class='ocrx_word' id='word_1_104' title='bbox 385 1816 535 1893; x_wconf 89' lang='lat' dir='ltr'>perpetuis</span> <span class='ocrx_word' id='word_1_105' title='bbox 549 1815 672 1872; x_wconf 87' lang='lat' dir='ltr'>defende</span> <span class='ocrx_word' id='word_1_106' title='bbox 686 1814 831 1872; x_wconf 87' lang='lat' dir='ltr'>subsidiis.</span> <span class='ocrx_word' id='word_1_107' title='bbox 874 1815 933 1871; x_wconf 90' lang='lat' dir='ltr'>Per</span> <span class='ocrx_word' id='word_1_108' title='bbox 947 1814 1117 1873; x_wconf 89' lang='lat' dir='ltr'>Dominum.</span> 
     </span>
    </p>
   </div>
   <div class='ocr_carea' id='block_1_5' title="bbox 56 1975 1264 3107">
    <p class='ocr_par' dir='ltr' id='par_1_12' title="bbox 524 1975 797 2033">
     <span class='ocr_line' id='line_1_18' title="bbox 524 1975 797 2033; baseline 0.004 -2"><span class='ocrx_word' id='word_1_109' title='bbox 524 1976 624 2032; x_wconf 70' lang='lat' dir='ltr'>Furem</span> <span class='ocrx_word' id='word_1_110' title='bbox 645 1975 797 2033; x_wconf 71' lang='lat' dir='ltr'>Securum.</span> 
     </span>
    </p>

    <p class='ocr_par' dir='ltr' id='par_1_13' title="bbox 56 2059 1264 2278">
     <span class='ocr_line' id='line_1_19' title="bbox 121 2059 263 2133; baseline -0.021 -16"><span class='ocrx_word' id='word_1_111' title='bbox 121 2059 263 2133; x_wconf 80' lang='lat' dir='ltr'>Officium.</span> 
     </span>
     <span class='ocr_line' id='line_1_20' title="bbox 68 2137 1264 2215; baseline 0.003 -19"><span class='ocrx_word' id='word_1_112' title='bbox 68 2146 72 2180; x_wconf 80' lang='grc' dir='ltr'><em>ἵ</em></span> <span class='ocrx_word' id='word_1_113' title='bbox 120 2140 264 2197; x_wconf 86' lang='lat' dir='ltr'>Miserere</span> <span class='ocrx_word' id='word_1_114' title='bbox 284 2138 367 2211; x_wconf 90' lang='lat' dir='ltr'>mihi,</span> <span class='ocrx_word' id='word_1_115' title='bbox 391 2137 528 2210; x_wconf 89' lang='lat' dir='ltr'>Domine,</span> <span class='ocrx_word' id='word_1_116' title='bbox 552 2137 692 2215; x_wconf 90' lang='lat' dir='ltr'>quoniam</span> <span class='ocrx_word' id='word_1_117' title='bbox 714 2137 896 2194; x_wconf 86' lang='lat' dir='ltr'>conculcavit</span> <span class='ocrx_word' id='word_1_118' title='bbox 919 2157 966 2193; x_wconf 92' lang='lat' dir='ltr'>me</span> <span class='ocrx_word' id='word_1_119' title='bbox 987 2137 1094 2196; x_wconf 93' lang='lat' dir='ltr'>homo:</span> <span class='ocrx_word' id='word_1_120' title='bbox 1129 2146 1195 2197; x_wconf 87' lang='lat' dir='ltr'>tota</span> <span class='ocrx_word' id='word_1_121' title='bbox 1216 2142 1264 2199; x_wconf 87' lang='lat' dir='ltr'>die</span> 
     </span>
     <span class='ocr_line' id='line_1_21' title="bbox 56 2219 410 2278; baseline -0.006 0"><span class='ocrx_word' id='word_1_122' title='bbox 56 2221 171 2278; x_wconf 88' lang='lat' dir='ltr'>bellans</span> <span class='ocrx_word' id='word_1_123' title='bbox 185 2219 343 2277; x_wconf 85' lang='lat' dir='ltr'>tribulavit</span> <span class='ocrx_word' id='word_1_124' title='bbox 356 2239 410 2276; x_wconf 92' lang='lat' dir='ltr'>me.</span> 
     </span>
    </p>

    <p class='ocr_par' dir='ltr' id='par_1_14' title="bbox 117 2302 441 2361">
     <span class='ocr_line' id='line_1_22' title="bbox 117 2302 441 2361; baseline 0.009 -3"><span class='ocrx_word' id='word_1_125' title='bbox 117 2302 264 2358; x_wconf 69' lang='lat' dir='ltr'>Pantanus.</span> <span class='ocrx_word' id='word_1_126' title='bbox 439 2357 441 2361; x_wconf 80' lang='grc'>,</span> 
     </span>
    </p>

    <p class='ocr_par' dir='ltr' id='par_1_15' title="bbox 56 2380 1263 2521">
     <span class='ocr_line' id='line_1_23' title="bbox 118 2380 1263 2456; baseline 0.002 -16"><span class='ocrx_word' id='word_1_127' title='bbox 118 2382 376 2440; x_wconf 78' lang='lat' dir='ltr'>Conoulcaverunt</span> <span class='ocrx_word' id='word_1_128' title='bbox 389 2401 436 2438; x_wconf 90' lang='lat' dir='ltr'>me</span> <span class='ocrx_word' id='word_1_129' title='bbox 449 2380 563 2438; x_wconf 89' lang='lat' dir='ltr'>inimici</span> <span class='ocrx_word' id='word_1_130' title='bbox 583 2381 642 2438; x_wconf 88' lang='lat' dir='ltr'>mei</span> <span class='ocrx_word' id='word_1_131' title='bbox 664 2386 728 2438; x_wconf 88' lang='lat' dir='ltr'>tota</span> <span class='ocrx_word' id='word_1_132' title='bbox 750 2380 817 2438; x_wconf 90' lang='lat' dir='ltr'>die:</span> <span class='ocrx_word' id='word_1_133' title='bbox 848 2381 988 2456; x_wconf 84' lang='lat' dir='ltr'>quoniam</span> <span class='ocrx_word' id='word_1_134' title='bbox 1010 2381 1099 2438; x_wconf 86' lang='lat' dir='ltr'>multi</span> <span class='ocrx_word' id='word_1_135' title='bbox 1120 2382 1263 2442; x_wconf 84' lang='lat' dir='ltr'>bellantes</span> 
     </span>
     <span class='ocr_line' id='line_1_24' title="bbox 56 2464 291 2521; baseline -0.004 0"><span class='ocrx_word' id='word_1_136' title='bbox 56 2464 215 2521; x_wconf 88' lang='lat' dir='ltr'>adversum</span> <span class='ocrx_word' id='word_1_137' title='bbox 238 2482 291 2520; x_wconf 88' lang='lat' dir='ltr'>me.</span> 
     </span>
    </p>

    <p class='ocr_par' dir='ltr' id='par_1_16' title="bbox 120 2544 231 2602">
     <span class='ocr_line' id='line_1_25' title="bbox 120 2544 231 2602; baseline -0.018 0"><span class='ocrx_word' id='word_1_138' title='bbox 120 2544 231 2602; x_wconf 73' lang='lat' dir='ltr'>Oratio.</span> 
     </span>
    </p>

    <p class='ocr_par' dir='ltr' id='par_1_17' title="bbox 56 2623 1262 2784">
     <span class='ocr_line' id='line_1_26' title="bbox 119 2623 1262 2701; baseline 0.001 -18"><span class='ocrx_word' id='word_1_139' title='bbox 119 2625 285 2696; x_wconf 74' lang='lat' dir='ltr'>sanctifica,</span> <span class='ocrx_word' id='word_1_140' title='bbox 300 2644 474 2701; x_wconf 85' lang='lat' dir='ltr'>quaesumus,</span> <span class='ocrx_word' id='word_1_141' title='bbox 491 2624 627 2694; x_wconf 89' lang='lat' dir='ltr'>Domine,</span> <span class='ocrx_word' id='word_1_142' title='bbox 650 2630 748 2680; x_wconf 86' lang='lat' dir='ltr'>nostra</span> <span class='ocrx_word' id='word_1_143' title='bbox 766 2623 900 2699; x_wconf 87' lang='lat' dir='ltr'>jejunia:</span> <span class='ocrx_word' id='word_1_144' title='bbox 930 2630 961 2681; x_wconf 95' lang='lat' dir='ltr'>et</span> <span class='ocrx_word' id='word_1_145' title='bbox 983 2631 1156 2682; x_wconf 88' lang='lat' dir='ltr'>cunctarum</span> <span class='ocrx_word' id='word_1_146' title='bbox 1177 2627 1262 2685; x_wconf 84' lang='lat' dir='ltr'>nobis</span> 
     </span>
     <span class='ocr_line' id='line_1_27' title="bbox 56 2704 1019 2784; baseline -0.001 -21"><span class='ocrx_word' id='word_1_147' title='bbox 56 2707 206 2784; x_wconf 87' lang='lat' dir='ltr'>propitius</span> <span class='ocrx_word' id='word_1_148' title='bbox 220 2705 436 2782; x_wconf 85' lang='lat' dir='ltr'>indulgentiam</span> <span class='ocrx_word' id='word_1_149' title='bbox 449 2705 557 2782; x_wconf 86' lang='lat' dir='ltr'>largi—re</span> <span class='ocrx_word' id='word_1_150' title='bbox 571 2705 732 2781; x_wconf 88' lang='lat' dir='ltr'>culparum.</span> <span class='ocrx_word' id='word_1_151' title='bbox 776 2704 835 2762; x_wconf 87' lang='lat' dir='ltr'>Per</span> <span class='ocrx_word' id='word_1_152' title='bbox 848 2706 1019 2762; x_wconf 90' lang='lat' dir='ltr'>Dominum.</span> 
     </span>
    </p>

    <p class='ocr_par' dir='ltr' id='par_1_18' title="bbox 116 2785 642 2862">
     <span class='ocr_line' id='line_1_28' title="bbox 116 2785 642 2862; baseline -0.008 -16"><span class='ocrx_word' id='word_1_153' title='bbox 116 2788 216 2846; x_wconf 79' lang='lat' dir='ltr'>Lectio</span> <span class='ocrx_word' id='word_1_154' title='bbox 235 2786 322 2844; x_wconf 81' lang='lat' dir='ltr'>Jorcoe</span> <span class='ocrx_word' id='word_1_155' title='bbox 342 2786 490 2862; x_wconf 71' lang='lat' dir='ltr'>Prophetae</span> <span class='ocrx_word' id='word_1_156' title='bbox 513 2785 611 2860; x_wconf 76' lang='lat' dir='ltr'>(iii).</span> <span class='ocrx_word' id='word_1_157' title='bbox 639 2821 642 2829; x_wconf 92' lang='lat'>·</span> 
     </span>
    </p>

    <p class='ocr_par' dir='ltr' id='par_1_19' title="bbox 56 2865 1263 3107">
     <span class='ocr_line' id='line_1_29' title="bbox 118 2865 1263 2945; baseline 0.002 -20"><span class='ocrx_word' id='word_1_158' title='bbox 118 2868 159 2926; x_wconf 90' lang='lat' dir='ltr'>In</span> <span class='ocrx_word' id='word_1_159' title='bbox 180 2868 283 2925; x_wconf 87' lang='lat' dir='ltr'>diebus</span> <span class='ocrx_word' id='word_1_160' title='bbox 304 2867 373 2938; x_wconf 90' lang='lat' dir='ltr'>illis,</span> <span class='ocrx_word' id='word_1_161' title='bbox 391 2869 517 2924; x_wconf 86' lang='lat' dir='ltr'>Factum</span> <span class='ocrx_word' id='word_1_162' title='bbox 538 2872 584 2924; x_wconf 88' lang='lat' dir='ltr'>est</span> <span class='ocrx_word' id='word_1_163' title='bbox 604 2867 729 2924; x_wconf 89' lang='lat' dir='ltr'>verbum</span> <span class='ocrx_word' id='word_1_164' title='bbox 751 2865 875 2923; x_wconf 90' lang='lat' dir='ltr'>Domini</span> <span class='ocrx_word' id='word_1_165' title='bbox 897 2867 935 2924; x_wconf 86' lang='lat' dir='ltr'>ad</span> <span class='ocrx_word' id='word_1_166' title='bbox 956 2868 1066 2925; x_wconf 85' lang='lat' dir='ltr'>Jonam</span> <span class='ocrx_word' id='word_1_167' title='bbox 1088 2869 1263 2945; x_wconf 87' lang='lat' dir='ltr'>prophetam</span> 
     </span>
     <span class='ocr_line' id='line_1_30' title="bbox 56 2948 1263 3023; baseline 0.002 -16"><span class='ocrx_word' id='word_1_168' title='bbox 56 2950 194 3021; x_wconf 85' lang='lat' dir='ltr'>secundo,</span> <span class='ocrx_word' id='word_1_169' title='bbox 218 2948 337 3006; x_wconf 89' lang='lat' dir='ltr'>dicens·</span> <span class='ocrx_word' id='word_1_170' title='bbox 367 2949 459 3023; x_wconf 83' lang='lat' dir='ltr'>Surge</span> <span class='ocrx_word' id='word_1_171' title='bbox 481 2955 512 3005; x_wconf 92' lang='lat' dir='ltr'>et</span> <span class='ocrx_word' id='word_1_172' title='bbox 536 2948 611 3005; x_wconf 85' lang='lat' dir='ltr'>vade</span> <span class='ocrx_word' id='word_1_173' title='bbox 632 2949 665 3004; x_wconf 90' lang='lat' dir='ltr'>in</span> <span class='ocrx_word' id='word_1_174' title='bbox 687 2948 820 3005; x_wconf 82' lang='lat' dir='ltr'>Niniven</span> <span class='ocrx_word' id='word_1_175' title='bbox 842 2968 932 3023; x_wconf 81' lang='lat' dir='ltr'>usqae</span> <span class='ocrx_word' id='word_1_176' title='bbox 950 2951 991 3007; x_wconf 79' lang='lat' dir='ltr'>od</span> <span class='ocrx_word' id='word_1_177' title='bbox 1012 2956 1042 3008; x_wconf 89' lang='lat' dir='ltr'>et</span> <span class='ocrx_word' id='word_1_178' title='bbox 1061 2951 1197 3009; x_wconf 85' lang='lat' dir='ltr'>misertus</span> <span class='ocrx_word' id='word_1_179' title='bbox 1218 2957 1263 3010; x_wconf 85' lang='lat' dir='ltr'>est</span> 
     </span>
     <span class='ocr_line' id='line_1_31' title="bbox 57 3029 613 3107; baseline -0.004 -19"><span class='ocrx_word' id='word_1_180' title='bbox 57 3031 167 3107; x_wconf 91' lang='lat' dir='ltr'>populo</span> <span class='ocrx_word' id='word_1_181' title='bbox 180 3049 235 3086; x_wconf 87' lang='lat' dir='ltr'>suo</span> <span class='ocrx_word' id='word_1_182' title='bbox 249 3029 396 3087; x_wconf 90' lang='lat' dir='ltr'>Dominus</span> <span class='ocrx_word' id='word_1_183' title='bbox 410 3030 492 3087; x_wconf 92' lang='lat' dir='ltr'>Deus</span> <span class='ocrx_word' id='word_1_184' title='bbox 506 3035 613 3086; x_wconf 89' lang='lat' dir='ltr'>noster.</span> 
     </span>
    </p>
   </div>
   <div class='ocr_carea' id='block_1_6' title="bbox 119 3110 256 3169">
    <p class='ocr_par' dir='ltr' id='par_1_20' title="bbox 119 3110 256 3169">
     <span class='ocr_line' id='line_1_32' title="bbox 119 3110 256 3169; baseline -0.008 0"><span class='ocrx_word' id='word_1_185' title='bbox 119 3110 256 3169; x_wconf 76' lang='lat' dir='ltr'>Grcdale</span> 
     </span>
    </p>
   </div>
   <div class='ocr_carea' id='block_1_7' title="bbox 62 3191 1260 3736">
    <p class='ocr_par' dir='ltr' id='par_1_21' title="bbox 65 3191 1183 3431">
     <span class='ocr_line' id='line_1_33' title="bbox 117 3191 1167 3267; baseline 0 -18"><span class='ocrx_word' id='word_1_186' title='bbox 117 3193 211 3263; x_wconf 91' lang='lat' dir='ltr'>Deus,</span> <span class='ocrx_word' id='word_1_187' title='bbox 227 3191 336 3249; x_wconf 87' lang='lat' dir='ltr'>exaudi</span> <span class='ocrx_word' id='word_1_188' title='bbox 349 3191 512 3248; x_wconf 85' lang='lat' dir='ltr'>orationem</span> <span class='ocrx_word' id='word_1_189' title='bbox 526 3210 640 3249; x_wconf 87' lang='lat' dir='ltr'>meam:</span> <span class='ocrx_word' id='word_1_190' title='bbox 662 3191 783 3247; x_wconf 91' lang='lat' dir='ltr'>auribus</span> <span class='ocrx_word' id='word_1_191' title='bbox 797 3192 913 3267; x_wconf 85' lang='lat' dir='ltr'>percipe</span> <span class='ocrx_word' id='word_1_192' title='bbox 926 3192 1017 3248; x_wconf 62' lang='lat' dir='ltr'>rerba</span> <span class='ocrx_word' id='word_1_193' title='bbox 1030 3193 1089 3249; x_wconf 90' lang='lat' dir='ltr'>oris</span> <span class='ocrx_word' id='word_1_194' title='bbox 1102 3194 1167 3251; x_wconf 89' lang='lat' dir='ltr'>mei</span> 
     </span>
     <span class='ocr_line' id='line_1_34' title="bbox 65 3271 1190 3347; baseline 0 -16"><span class='ocrx_word' id='word_1_195' title='bbox 65 3273 96 3336; x_wconf 76' lang='lat' dir='ltr'><em>V</em></span> <span class='ocrx_word' id='word_1_196' title='bbox 118 3273 225 3330; x_wconf 91' lang='lat' dir='ltr'>Deus</span> <span class='ocrx_word' id='word_1_197' title='bbox 189 3293 249 3329; x_wconf 72' lang='lat' dir='ltr'>sm</span> <span class='ocrx_word' id='word_1_198' title='bbox 263 3291 382 3329; x_wconf 87' lang='lat' dir='ltr'>nomme</span> <span class='ocrx_word' id='word_1_199' title='bbox 395 3279 448 3329; x_wconf 90' lang='lat' dir='ltr'>tuo</span> <span class='ocrx_word' id='word_1_200' title='bbox 462 3273 577 3329; x_wconf 89' lang='lat' dir='ltr'>salvum</span> <span class='ocrx_word' id='word_1_201' title='bbox 590 3292 636 3329; x_wconf 90' lang='lat' dir='ltr'>me</span> <span class='ocrx_word' id='word_1_202' title='bbox 650 3271 713 3330; x_wconf 84' lang='lat' dir='ltr'>fac:</span> <span class='ocrx_word' id='word_1_203' title='bbox 736 3272 937 3329; x_wconf 73' lang='lat' dir='ltr'>etmtutute</span> <span class='ocrx_word' id='word_1_204' title='bbox 950 3279 1003 3333; x_wconf 88' lang='lat' dir='ltr'>tua</span> <span class='ocrx_word' id='word_1_205' title='bbox 1021 3273 1124 3347; x_wconf 82' lang='lat' dir='ltr'>Judrca</span> <span class='ocrx_word' id='word_1_206' title='bbox 1137 3293 1190 3332; x_wconf 92' lang='lat' dir='ltr'>me</span> 
     </span>
     <span class='ocr_line' id='line_1_35' title="bbox 75 3352 695 3431; baseline -0.006 -18"><span class='ocrx_word' id='word_1_207' title='bbox 75 3421 76 3426; x_wconf 9' lang='grc' dir='ltr'>η</span> <span class='ocrx_word' id='word_1_208' title='bbox 115 3354 286 3414; x_wconf 77' lang='lat' dir='ltr'>Secundum</span> <span class='ocrx_word' id='word_1_209' title='bbox 306 3352 472 3411; x_wconf 74' lang='lat' dir='ltr'>Jolannem</span> <span class='ocrx_word' id='word_1_210' title='bbox 492 3352 557 3431; x_wconf 73' lang='lat' dir='ltr'>(vii.</span> <span class='ocrx_word' id='word_1_211' title='bbox 582 3353 695 3429; x_wconf 81' lang='lat'><em>32-39).</em></span> 
     </span>
    </p>

    <p class='ocr_par' dir='ltr' id='par_1_22' title="bbox 62 3433 1260 3735">
     <span class='ocr_line' id='line_1_36' title="bbox 117 3433 1260 3511; baseline 0 -19"><span class='ocrx_word' id='word_1_212' title='bbox 117 3435 158 3492; x_wconf 90' lang='lat' dir='ltr'>In</span> <span class='ocrx_word' id='word_1_213' title='bbox 172 3435 225 3492; x_wconf 93' lang='lat' dir='ltr'>illo</span> <span class='ocrx_word' id='word_1_214' title='bbox 245 3441 385 3510; x_wconf 88' lang='lat' dir='ltr'>tempore,</span> <span class='ocrx_word' id='word_1_215' title='bbox 400 3435 552 3510; x_wconf 79' lang='lat' dir='ltr'>Miserunt</span> <span class='ocrx_word' id='word_1_216' title='bbox 571 3434 717 3509; x_wconf 84' lang='lat' dir='ltr'>principes</span> <span class='ocrx_word' id='word_1_217' title='bbox 730 3439 761 3490; x_wconf 90' lang='lat' dir='ltr'>et</span> <span class='ocrx_word' id='word_1_218' title='bbox 774 3433 918 3490; x_wconf 83' lang='lat' dir='ltr'>Pharisaei</span> <span class='ocrx_word' id='word_1_219' title='bbox 937 3433 1096 3504; x_wconf 88' lang='lat' dir='ltr'>ministros,</span> <span class='ocrx_word' id='word_1_220' title='bbox 1111 3440 1146 3491; x_wconf 93' lang='lat' dir='ltr'>ut</span> <span class='ocrx_word' id='word_1_221' title='bbox 1159 3455 1260 3511; x_wconf 87' lang='lat' dir='ltr'>appre-</span> 
     </span>
     <span class='ocr_line' id='line_1_37' title="bbox 62 3514 1260 3592; baseline 0.003 -22"><span class='ocrx_word' id='word_1_222' title='bbox 62 3514 223 3573; x_wconf 90' lang='lat' dir='ltr'>henderent</span> <span class='ocrx_word' id='word_1_223' title='bbox 249 3515 362 3573; x_wconf 82' lang='lat' dir='ltr'>Jesum.</span> <span class='ocrx_word' id='word_1_224' title='bbox 415 3515 505 3572; x_wconf 83' lang='lat' dir='ltr'>Dixit</span> <span class='ocrx_word' id='word_1_225' title='bbox 529 3533 598 3589; x_wconf 81' lang='lat' dir='ltr'>ergo</span> <span class='ocrx_word' id='word_1_226' title='bbox 623 3514 664 3570; x_wconf 90' lang='lat' dir='ltr'>eis</span> <span class='ocrx_word' id='word_1_227' title='bbox 688 3514 709 3570; x_wconf 86' lang='lat' dir='ltr'><strong>J</strong></span> <span class='ocrx_word' id='word_1_228' title='bbox 711 3533 796 3571; x_wconf 85' lang='lat' dir='ltr'>esus:</span> <span class='ocrx_word' id='word_1_229' title='bbox 830 3515 941 3571; x_wconf 89' lang='lat' dir='ltr'>Adhuc</span> <span class='ocrx_word' id='word_1_230' title='bbox 968 3516 1116 3571; x_wconf 91' lang='lat' dir='ltr'>modicum</span> <span class='ocrx_word' id='word_1_231' title='bbox 1143 3522 1260 3592; x_wconf 88' lang='lat' dir='ltr'>tempus</span> 
     </span>
     <span class='ocr_line' id='line_1_38' title="bbox 63 3594 1260 3672; baseline 0.005 -24"><span class='ocrx_word' id='word_1_232' title='bbox 63 3597 307 3655; x_wconf 72' lang='lat' dir='ltr'>vobiscumsum:</span> <span class='ocrx_word' id='word_1_233' title='bbox 329 3597 473 3671; x_wconf 79' lang='lat' dir='ltr'>usquead</span> <span class='ocrx_word' id='word_1_234' title='bbox 494 3595 550 3652; x_wconf 89' lang='lat' dir='ltr'>hoc</span> <span class='ocrx_word' id='word_1_235' title='bbox 571 3601 671 3653; x_wconf 88' lang='lat' dir='ltr'>autem</span> <span class='ocrx_word' id='word_1_236' title='bbox 693 3594 772 3651; x_wconf 85' lang='lat' dir='ltr'>dixit</span> <span class='ocrx_word' id='word_1_237' title='bbox 793 3595 830 3652; x_wconf 88' lang='lat' dir='ltr'>de</span> <span class='ocrx_word' id='word_1_238' title='bbox 854 3595 976 3671; x_wconf 83' lang='lat' dir='ltr'>Spiritu,</span> <span class='ocrx_word' id='word_1_239' title='bbox 1000 3615 1088 3671; x_wconf 90' lang='lat' dir='ltr'>quem</span> <span class='ocrx_word' id='word_1_240' title='bbox 1112 3600 1260 3672; x_wconf 88' lang='lat' dir='ltr'>accepturi</span> 
     </span>
     <span class='ocr_line' id='line_1_39' title="bbox 65 3677 444 3736; baseline 0.003 -4"><span class='ocrx_word' id='word_1_241' title='bbox 65 3686 141 3735; x_wconf 80' lang='lat' dir='ltr'>erant</span> <span class='ocrx_word' id='word_1_242' title='bbox 157 3677 277 3735; x_wconf 91' lang='lat' dir='ltr'>credent</span> <span class='ocrx_word' id='word_1_243' title='bbox 265 3685 309 3734; x_wconf 88' lang='lat' dir='ltr'>tes</span> <span class='ocrx_word' id='word_1_244' title='bbox 323 3677 355 3734; x_wconf 89' lang='lat' dir='ltr'>in</span> <span class='ocrx_word' id='word_1_245' title='bbox 369 3696 444 3736; x_wconf 90' lang='lat' dir='ltr'>eum.</span> 
     </span>
    </p>
   </div>
   <div class='ocr_carea' id='block_1_8' title="bbox 118 3758 1261 3917">
    <p class='ocr_par' dir='ltr' id='par_1_23' title="bbox 118 3758 1261 3917">
     <span class='ocr_line' id='line_1_40' title="bbox 120 3759 315 3817; baseline -0.016 0"><span class='ocrx_word' id='word_1_246' title='bbox 120 3759 144 3817; x_wconf 91' lang='lat' dir='ltr'><em>O</em></span> <span class='ocrx_word' id='word_1_247' title='bbox 166 3768 315 3816; x_wconf 62' lang='lat' dir='ltr'>erroreum.</span> 
     </span>
     <span class='ocr_line' id='line_1_41' title="bbox 118 3758 1261 3917; baseline 0.001 -20"><span class='ocrx_word' id='word_1_248' title='bbox 118 3758 257 3910; x_wconf 61' lang='lat' dir='ltr'>Dilmine,</span> <span class='ocrx_word' id='word_1_249' title='bbox 272 3843 443 3896; x_wconf 87' lang='lat' dir='ltr'>convertere</span> <span class='ocrx_word' id='word_1_250' title='bbox 456 3843 486 3895; x_wconf 91' lang='lat' dir='ltr'>et</span> <span class='ocrx_word' id='word_1_251' title='bbox 501 3838 579 3913; x_wconf 89' lang='lat' dir='ltr'>eripe</span> <span class='ocrx_word' id='word_1_252' title='bbox 593 3838 721 3894; x_wconf 89' lang='lat' dir='ltr'>animam</span> <span class='ocrx_word' id='word_1_253' title='bbox 744 3856 859 3917; x_wconf 88' lang='lat' dir='ltr'>meam:</span> <span class='ocrx_word' id='word_1_254' title='bbox 888 3837 1003 3894; x_wconf 87' lang='lat' dir='ltr'>salvum</span> <span class='ocrx_word' id='word_1_255' title='bbox 1017 3857 1063 3895; x_wconf 88' lang='lat' dir='ltr'>me</span> <span class='ocrx_word' id='word_1_256' title='bbox 1077 3838 1122 3896; x_wconf 88' lang='lat' dir='ltr'>fac</span> <span class='ocrx_word' id='word_1_257' title='bbox 1140 3846 1261 3917; x_wconf 84' lang='lat' dir='ltr'>propter</span> 
     </span>
    </p>
   </div>
   <div class='ocr_carea' id='block_1_9' title="bbox 70 3920 1261 4564">
    <p class='ocr_par' dir='ltr' id='par_1_24' title="bbox 70 3920 1261 4564">
     <span class='ocr_line' id='line_1_42' title="bbox 70 3920 391 3978; baseline -0.003 -2"><span class='ocrx_word' id='word_1_258' title='bbox 70 3920 287 3978; x_wconf 87' lang='lat' dir='ltr'>misericordiam</span> <span class='ocrx_word' id='word_1_259' title='bbox 301 3927 391 3976; x_wconf 81' lang='lat' dir='ltr'>tuam.</span> 
     </span>
     <span class='ocr_line' id='line_1_43' title="bbox 119 4001 239 4059; baseline -0.018 0"><span class='ocrx_word' id='word_1_260' title='bbox 119 4001 239 4059; x_wconf 77' lang='lat' dir='ltr'>Secreto.</span> 
     </span>
     <span class='ocr_line' id='line_1_44' title="bbox 83 4035 1260 4152; baseline 0.001 -13.032"><span class='ocrx_word' id='word_1_261' title='bbox 83 4081 252 4139; x_wconf 76' lang='lat' dir='ltr'>Concede</span> <span class='ocrx_word' id='word_1_262' title='bbox 278 4081 373 4152; x_wconf 91' lang='lat' dir='ltr'>nobis,</span> <span class='ocrx_word' id='word_1_263' title='bbox 402 4071 531 4138; x_wconf 92' lang='lat' dir='ltr'>Domine</span> <span class='ocrx_word' id='word_1_264' title='bbox 558 4081 646 4138; x_wconf 90' lang='lat' dir='ltr'>Deus</span> <span class='ocrx_word' id='word_1_265' title='bbox 667 4085 774 4148; x_wconf 86' lang='lat' dir='ltr'>noster,</span> <span class='ocrx_word' id='word_1_266' title='bbox 796 4085 832 4137; x_wconf 91' lang='lat' dir='ltr'>ut</span> <span class='ocrx_word' id='word_1_267' title='bbox 855 4080 917 4137; x_wconf 89' lang='lat' dir='ltr'>haec</span> <span class='ocrx_word' id='word_1_268' title='bbox 940 4035 1037 4138; x_wconf 82' lang='lat' dir='ltr'>hdstia</span> <span class='ocrx_word' id='word_1_269' title='bbox 1064 4082 1201 4140; x_wconf 85' lang='lat' dir='ltr'>salutaris</span> <span class='ocrx_word' id='word_1_270' title='bbox 1229 4089 1260 4141; x_wconf 93' lang='lat' dir='ltr'>et</span> 
     </span>
     <span class='ocr_line' id='line_1_45' title="bbox 74 4161 1261 4294; baseline 0.004 -77"><span class='ocrx_word' id='word_1_271' title='bbox 74 4169 148 4294; x_wconf 66' lang='lat' dir='ltr'>ppst</span> <span class='ocrx_word' id='word_1_272' title='bbox 128 4182 226 4220; x_wconf 90' lang='lat' dir='ltr'>rorum</span> <span class='ocrx_word' id='word_1_273' title='bbox 243 4163 297 4220; x_wconf 88' lang='lat' dir='ltr'>fiat</span> <span class='ocrx_word' id='word_1_274' title='bbox 309 4163 446 4240; x_wconf 85' lang='lat' dir='ltr'>purgatio</span> <span class='ocrx_word' id='word_1_275' title='bbox 467 4161 650 4235; x_wconf 89' lang='lat' dir='ltr'>delictorum,</span> <span class='ocrx_word' id='word_1_276' title='bbox 666 4168 697 4219; x_wconf 89' lang='lat' dir='ltr'>et</span> <span class='ocrx_word' id='word_1_277' title='bbox 717 4166 776 4218; x_wconf 87' lang='lat' dir='ltr'>tuae</span> <span class='ocrx_word' id='word_1_278' title='bbox 797 4162 969 4238; x_wconf 86' lang='lat' dir='ltr'>propitiatio</span> <span class='ocrx_word' id='word_1_279' title='bbox 989 4163 1160 4240; x_wconf 88' lang='lat' dir='ltr'>majestatis.</span> <span class='ocrx_word' id='word_1_280' title='bbox 1202 4164 1261 4222; x_wconf 89' lang='lat' dir='ltr'>Per</span> 
     </span>
     <span class='ocr_line' id='line_1_46' title="bbox 99 4244 230 4301; baseline 0.025 -3"><span class='ocrx_word' id='word_1_281' title='bbox 99 4244 230 4301; x_wconf 90' lang='lat' dir='ltr'>ominum.</span> 
     </span>
     <span class='ocr_line' id='line_1_47' title="bbox 124 4323 534 4399; baseline 0.002 -20"><span class='ocrx_word' id='word_1_282' title='bbox 124 4324 268 4399; x_wconf 76' lang='lat' dir='ltr'>Proefatio.</span> <span class='ocrx_word' id='word_1_283' title='bbox 314 4323 373 4394; x_wconf 77' lang='lat' dir='ltr'>Qui</span> <span class='ocrx_word' id='word_1_284' title='bbox 387 4323 534 4382; x_wconf 77' lang='lat' dir='ltr'>salutem.v</span> 
     </span>
     <span class='ocr_line' id='line_1_48' title="bbox 125 4403 301 4463; baseline 0.006 -2"><span class='ocrx_word' id='word_1_285' title='bbox 125 4403 301 4463; x_wconf 70' lang='lat' dir='ltr'>conmutato.</span> 
     </span>
     <span class='ocr_line' id='line_1_49' title="bbox 125 4483 841 4564; baseline 0.004 -24"><span class='ocrx_word' id='word_1_286' title='bbox 125 4483 264 4544; x_wconf 87' lang='lat' dir='ltr'>Dominus</span> <span class='ocrx_word' id='word_1_287' title='bbox 277 4485 445 4547; x_wconf 83' lang='lat' dir='ltr'>virtutum:</span> <span class='ocrx_word' id='word_1_288' title='bbox 465 4485 528 4564; x_wconf 89' lang='lat' dir='ltr'>ipse</span> <span class='ocrx_word' id='word_1_289' title='bbox 542 4491 587 4544; x_wconf 90' lang='lat' dir='ltr'>est</span> <span class='ocrx_word' id='word_1_290' title='bbox 600 4505 652 4544; x_wconf 85' lang='lat' dir='ltr'>rex</span> <span class='ocrx_word' id='word_1_291' title='bbox 667 4486 773 4564; x_wconf 84' lang='lat' dir='ltr'>gloriae.</span> <span class='ocrx_word' id='word_1_292' title='bbox 837 4542 841 4552; x_wconf 75' lang='grc'>,</span> 
     </span>
    </p>
   </div>
   <div class='ocr_carea' id='block_1_10' title="bbox 0 0 1468 4996">
    <p class='ocr_par' dir='ltr' id='par_1_25' title="bbox 0 0 1468 4996">
     <span class='ocr_line' id='line_1_50' title="bbox 0 0 1468 4996; baseline 0 1"><span class='ocrx_word' id='word_1_293' title='bbox 0 0 1468 4996; x_wconf 95' lang='lat' dir='ltr'> </span> 
     </span>
    </p>
   </div>
  </div>
 </body>
</html>
