2926 4996
388 364 573 430 Domtaiec
586 365 602 429 i
613 372 689 450 post
706 365 770 431 Oet.
787 365 1004 452 Epiphania.
1256 376 1297 437 35

94 535 166 592 facis
180 533 329 590 mirabiles
342 552 395 589 res.
436 531 599 590 Oonsilium
613 538 700 590 tuum
714 533 871 609 antiquum
884 554 989 592 verum
1004 535 1063 592 liat.
1100 536 1236 611 Domine,
1252 559 1300 596 ex·

89 615 205 673 celsum
218 621 263 672 est
275 613 428 670 brachium
442 619 547 670 tuum:
577 613 658 670 Deus
673 614 812 685 Sabaoth,
828 634 934 672 corona
955 617 1025 692 spei,
1047 637 1111 692 quse
1133 625 1238 676 ornata
1257 629 1301 678 est

90 696 195 773 gloria.
239 694 365 751 Exultet
386 694 541 765 desertum,
557 702 587 750 et
605 693 741 751 exultent
760 695 933 753 solitudines
946 695 968 753 J
969 697 1086 754 ordanis
1103 719 1108 754 :
1132 705 1162 756 et
1176 699 1301 776 populu's

95 797 180 835 meus
195 776 306 833 videbit
319 774 509 832 altitudinem
523 775 646 831 Domini
660 782 690 832 et
704 776 887 849 majestatem
903 777 969 849 Dei,
985 785 1015 835 et
1032 779 1090 835 erit
1108 789 1301 857 congregatus

93 865 124 916 et
137 857 307 933 redemptus
321 874 374 932 per
388 855 493 912 Deum.
531 854 573 912 Et
586 856 687 914 veniet
700 856 733 912 in
748 856 819 913 Sion
834 876 901 914 cum
914 858 1021 933 gaudio
1035 865 1065 916 et
1079 858 1185 918 laetitia
1197 863 1301 938 sempi-

93 946 201 996 terna:
231 957 318 1013 super
340 942 428 1011 caput
450 936 512 1011 ejus
534 935 598 993 laus
620 942 651 993 et
673 937 825 994 exultatio¹
884 937 925 994 Et
945 939 1074 1015 aperiam
1096 940 1129 997 in
1150 944 1301 1001 montibus

94 1020 241 1077 fiumina:
270 1019 303 1073 in
324 1017 428 1074 mediis
449 1017 559 1093 eampis
580 1017 677 1074 fontes
698 1018 876 1094 dirumpam,
892 1024 922 1076 et
940 1025 1050 1076 terram
1070 1021 1219 1079 sitientem
1239 1025 1301 1081 sine

93 1119 172 1176 aqua
186 1099 370 1157 confundam.
415 1097 490 1154 Eece
503 1117 576 1172 puer
590 1117 672 1155 meus
686 1098 876 1171 exaltabitur,
892 1105 923 1156 et
937 1099 1109 1173 elevabitur,
1125 1109 1155 1160 et
1168 1105 1302 1161 sublimis

94 1182 153 1238 erit
166 1179 258 1237 valde.
302 1178 458 1236 Haurietis
471 1198 562 1253 aquas
576 1179 608 1235 in
621 1179 728 1255 gaudio
743 1179 926 1237 delentibus
942 1180 1120 1240 salvatoris:
1147 1189 1178 1241 et
1199 1185 1301 1243 dicetis

93 1263 127 1319 in
140 1261 193 1343 illa
207 1260 262 1331 die,
278 1259 469 1317 Oonfitemini
490 1259 628 1332 Domino,
644 1266 674 1317 et
687 1260 824 1318 invocate
838 1280 947 1318 nomen
961 1262 1044 1336 ejus,
1071 1270 1156 1320 notas
1169 1265 1256 1323 facite
1269 1267 1301 1323 in

93 1342 211 1419 populis
245 1340 468 1398 adinventiones
496 1341 581 1415 ejus:
620 1347 737 1398 cantate
770 1341 909 1415 Domine,
939 1343 1010 1417 quia
1036 1344 1184 1402 mirabilia
1209 1346 1302 1419 fecit,

93 1422 272 1480 annuntiate
294 1422 349 1478 hoc
372 1421 403 1477 in
426 1421 565 1477 universa
585 1426 671 1479 terra,

158 1502 291 1561 Grudule.
337 1501 447 1559 Omnes
461 1501 497 1558 de
512 1501 594 1558 Saba.

155 1583 304 1659 Alleluya.
355 1582 383 1639 V.
407 1581 554 1639 Vidimus.

153 1664 316 1739 Sequentia.
361 1663 567 1739 Epiphaniam,
582 1671 616 1719 ut
630 1683 728 1738 supra.
775 1663 847 1722 Tota
861 1664 984 1722 dicatur.

154 1745 321 1802 Secundum
336 1744 500 1804 Jotanmm
514 1742 551 1819 (i.
569 1744 682 1821 29-34).

155 1826 194 1882 In
208 1826 260 1883 illo
273 1831 413 1901 tempore,
429 1824 517 1881 Vidit
531 1823 552 1880 J
554 1844 662 1881 oannes
676 1845 766 1899 esque
779 1826 820 1882 ad
834 1831 878 1882 est
892 1826 986 1883 Filius
1001 1826 1065 1884 Dei

156 1907 259 1964 Credo.

156 1986 348 2062 offertorium.
392 1986 488 2063 Reges
509 1985 636 2058 Tharsis,
657 1995 682 2043 et
703 1996 798 2044 cetero.

155 2067 277 2129 Secreto.

154 2150 280 2208 Hostias
293 2149 359 2221 tibi,
376 2147 511 2220 Domine,
528 2167 579 2223 pro
594 2148 657 2204 nati
671 2147 742 2204 Filii
755 2148 802 2204 tui
815 2149 999 2224 apparitione
1013 2150 1178 2224 deferimus,
1194 2154 1301 2229 suppli-

90 2233 167 2289 citer
180 2236 336 2289 exorantes
348 2250 357 2303 3
379 2235 415 2286 ut
428 2230 504 2287 sicut
517 2229 579 2305 ipse
593 2235 760 2285 nostrorum
775 2235 878 2285 auctor
891 2235 936 2286 est
948 2249 1114 2304 munerum,
1129 2234 1172 2290 ita
1185 2233 1247 2309 ipse
1260 2236 1300 2291 sit

91 2313 257 2370 misericors
271 2318 302 2369 et
315 2316 473 2386 susceptor,
489 2309 636 2366 Dominus
650 2315 750 2366 noster
763 2310 785 2366 J
786 2328 851 2366 esus
866 2309 1008 2369 Christus.
1055 2311 1114 2380 Oui
1127 2320 1232 2371 tecum.

156 2391 305 2468 Praefatio.
350 2391 428 2460 Ouia
441 2410 508 2448 eum
522 2390 687 2466 Unigeniti.
732 2390 996 2450 Communicantes.

156 2473 337 2532 Communia.
381 2472 521 2529 Vidimus
535 2472 656 2529 stellam.

155 2553 395 2611 Postcommuaio.

155 2633 274 2692 Oaelesti
299 2634 419 2704 lumine,
448 2652 623 2709 quaesumus,
652 2632 789 2704 Domine,
819 2652 933 2709 semper
963 2633 1011 2692 hic
1038 2641 1068 2691 et
1101 2636 1212 2713 ubique
1245 2658 1299 2695 nos

90 2715 242 2793 praeveni:
262 2720 297 2771 ut
310 2714 492 2790 mysterium,
508 2714 590 2789 enjus
603 2732 657 2770 nos
670 2713 826 2790 participes
840 2720 901 2771 ess'e
914 2714 1043 2786 voluisti,
1060 2722 1090 2773 et
1110 2737 1184 2793 puro
1202 2737 1298 2776 cerna-

90 2816 160 2854 mus
172 2796 296 2868 intuitu,
311 2801 342 2852 et
355 2795 443 2871 digno
457 2795 650 2871 percipiamus
664 2795 776 2852 effectu.
821 2794 879 2852 Per
893 2794 1063 2854 Dominum.

322 2978 483 3036 Donrruca
503 2994 600 3034 muna
621 2994 691 3035 rosr
712 2976 852 3036 Oemvas
874 2979 1063 3038 Emensus.

155 3123 205 3182 Ad
218 3122 350 3179 Missam.
398 3119 536 3194 Officium.

155 3204 195 3262 In
215 3203 330 3261 excelso
347 3201 455 3258 throno
470 3201 533 3256 vidi
547 3200 646 3258 sedere
667 3201 774 3272 virum,
795 3220 883 3275 quem
901 3201 1004 3258 adorat
1022 3203 1183 3262 multitudo
1203 3209 1298 3283 angel-

91 3305 179 3343 orum
192 3284 350 3362 psallentes
363 3282 397 3339 in
409 3301 503 3338 unum
516 3303 522 3339 :
543 3300 607 3339 ecce
620 3281 704 3357 cujus
717 3281 833 3356 imperii
848 3300 955 3338 nomen
968 3288 1012 3340 est
1026 3284 1058 3340 in
1072 3291 1221 3344 aeternum.

153 3365 300 3424 Psatmus.

152 3446 174 3506 J
176 3446 289 3504 ubilste
302 3445 377 3516 Deo,
392 3443 486 3501 omnis
499 3449 580 3500 terra
588 3463 597 3516 3
618 3443 726 3501 servite
740 3442 869 3500 Domino
882 3444 915 3500 in
929 3443 1040 3501 laetitia.

157 3526 267 3586 Oratio.

154 3607 245 3679 Vota,
268 3626 441 3683 quaesumus,
458 3605 594 3677 Domine,
614 3604 805 3680 supplicantis
828 3604 930 3680 populi
952 3606 1060 3662 caelesti
1074 3607 1183 3682 pietate
1205 3629 1300 3684 prose-

91 3708 203 3766 quere:
231 3693 268 3745 ut
290 3693 321 3745 et
342 3707 407 3763 quse
429 3686 541 3763 agenda
562 3691 632 3743 sunt
653 3684 783 3758 videant,
807 3692 837 3742 et
859 3685 897 3742 ad
916 3686 1066 3762 implenda
1083 3707 1147 3763 quse
1162 3689 1301 3749 viderunt

92 3769 307 3829 convalescant.
337 3767 410 3825 'Per
423 3767 593 3824 Dominum.

155 3849 271 3926 Epistol
290 3893 296 3906 .
342 3848 392 3905 Ad
406 3847 551 3905 Romanos
564 3847 631 3920 (eti.
650 3847 725 3924 1-5)

155 3931 294 3989 Fratres:
324 3930 450 3986 Obsecro
468 3948 520 3986 vos
538 3948 590 4004 per
611 3927 840 3985 misericordiam
853 3926 919 3998 Dei,
936 3934 971 3984 ut
994 3929 1158 3989 exhibeatis
1180 3953 1301 4010 corpora

90 4019 191 4070 vestra
213 4031 303 4087 usque
325 4011 366 4068 ud
386 4009 496 4087 singuli
517 4015 617 4066 autem
638 4008 715 4066 alter
735 4008 857 4067 alterius
878 4009 1017 4082 membra,
1035 4011 1075 4068 In
1089 4012 1207 4072 Ohristo
1226 4014 1299 4074 Jesu

94 4092 226 4150 Domino
240 4097 349 4149 nostro.
1042 4117 1045 4124 ·

153 4172 332 4312 guadiidtus
346 4251 494 4310 Dominus
508 4251 590 4310 Deus
610 4251 710 4325 Israel,
728 4251 780 4328 qui
802 4249 873 4309 facis
895 4251 1042 4311 mirabilia
1064 4275 1171 4333 magna
1184 4258 1262 4316 solus
1282 4279 1299 4316 a

95 4334 323 4492 ifcglssspim
337 4420 453 4474 montes
465 4433 566 4493 pacem
579 4414 687 4494 populo
700 4419 763 4487 tuo,
777 4418 809 4472 et
822 4413 909 4472 eolles
918 4414 1077 4490 justitiam.

158 4494 307 4574 Alleluya
354 4495 384 4556 V.
406 4494 638 4557 subsaunes«
837 4515 865 4554 :a
926 4495 972 4555 tte
991 4497 1120 4557 Domino
1138 4499 1171 4558 in
1184 4499 1295 4559 laetitia.
