2926 4996
397 402 491 468 Doni.
515 401 592 468 criti.
612 409 688 488 post
712 402 847 468 Ocicrcs
868 403 1075 468 Pentecosten
1274 406 1335 466 235

195 569 305 627 Oratio.

193 652 391 727 Omnipotens
415 655 445 706 et
470 650 634 708 misericors
655 651 745 721 Deus,
768 652 804 708 de
825 652 909 726 cujus
930 671 1052 708 munere
1073 651 1165 722 venit,
1187 656 1222 707 ut
1243 651 1299 707 tibi
1320 673 1337 707 a

132 732 268 788 fidelibus
282 732 342 787 tuis
357 731 445 806 digne
459 738 489 788 et
503 732 693 789 laudabiliter
706 733 869 789 serviatur:
891 731 989 789 tribue
1002 732 1095 800 nobis,
1111 751 1287 807 quaesumus
1302 739 1337 788 ut

131 813 168 870 ad
182 813 390 890 promissiones
404 818 471 869 tuas
486 814 549 870 sine
563 813 722 871 offensione
736 833 895 870 curramus,
940 813 998 870 Per
1012 813 1175 870 Dominum
1190 819 1336 870 nostrum.

192 904 244 962 Ad
259 904 382 963 Galatas
396 904 458 980 (iii.
477 905 594 980 16-22).

193 986 330 1043 Fratres:
351 986 482 1042 Abrahae
504 987 590 1042 dictae
612 993 682 1043 sunt
703 987 909 1063 promissiones
931 993 961 1044 et
982 987 1088 1044 semini
1108 987 1171 1062 ejus
1191 1006 1283 1061 usquc
1297 987 1337 1043 cd

133 1067 190 1124 Sed
214 1062 358 1124 conclusit
381 1067 528 1143 scriptura
552 1068 651 1124 omnia
672 1069 726 1124 sub
747 1074 875 1144 peccate,
896 1074 930 1125 ut
950 1068 1104 1144 promissio
1124 1087 1162 1125 ex
1184 1068 1241 1125 fide
1261 1069 1282 1125 J
1285 1083 1336 1125 esu

134 1148 247 1204 Christi
261 1148 382 1205 daretur
395 1148 590 1205 credentibus.

87 1225 90 1230 ’
194 1228 329 1286 Gradrrle.

192 1309 326 1385 Respice,
342 1309 480 1382 Domine,
495 1310 527 1366 in
549 1315 759 1367 testamentum
780 1318 886 1368 tuum:
907 1318 938 1367 et
958 1310 1070 1367 animas
1091 1331 1253 1387 pauperum
1273 1318 1339 1366 tuo-⁴

132 1409 199 1446 rum
213 1410 250 1447 nc
265 1390 447 1447 obliviscaris
463 1392 496 1447 in
509 1391 607 1448 finem.

138 1471 166 1530 V.
193 1471 336 1546 Exsurge,
359 1471 495 1544 Domine,
517 1479 548 1529 et
567 1472 670 1548 judica
693 1491 809 1529 causam
835 1480 936 1530 tuam:
965 1492 1077 1529 memor
1101 1478 1163 1529 esto
1187 1472 1337 1550 opprobrii

132 1570 284 1609 servorum
298 1564 426 1610 tuorum.

191 1633 340 1708 Alleluya.
391 1634 418 1691 Γ.
443 1634 571 1691 Domine
592 1634 674 1691 Deus
698 1635 802 1691 salutis
827 1655 908 1706 mere,
930 1636 963 1691 in
984 1635 1031 1690 die
1053 1634 1179 1692 clamavi
1199 1641 1230 1692 et
1250 1639 1339 1690 nocte

132 1733 230 1770 coram
244 1720 282 1771 te.

192 1795 361 1852 Secundum
375 1795 487 1851 Laeana
502 1795 545 1870 (n.
564 1796 680 1871 23-37)

192 1875 232 1931 ln
245 1875 297 1932 illo
311 1880 451 1951 tempore,
467 1876 556 1932 Dixit
569 1876 592 1933 J
594 1896 659 1933 esus
680 1876 832 1952 discipulis
852 1876 930 1946 suis;
953 1877 1040 1934 Beati
1061 1877 1146 1949 oculi,
1164 1877 1335 1952 quivident

131 1976 221 2031 usqae
235 1957 276 2012 od
290 1957 330 2012 Et
344 1957 387 2012 ait
401 1957 447 2012 illi
460 1957 481 2013 J
483 1977 549 2014 esus
561 1979 567 2014 ε
588 1957 684 2027 Vade,
699 1966 729 2014 et
744 1968 777 2013 tn
792 1958 837 2014 fac
851 1958 996 2015 similiter.

193 2036 387 2110 offertorium.

192 2118 231 2174 In
245 2125 275 2174 te
289 2118 412 2194 sperari,
429 2118 575 2176 Domine:
597 2119 669 2188 dixi,
685 2126 719 2175 tu
734 2139 764 2176 es
779 2119 860 2176 Deus
874 2139 964 2191 meus,
980 2119 1012 2177 in
1026 2119 1163 2176 manibus
1182 2119 1243 2176 tuis
1264 2126 1336 2175 tcm-

132 2219 205 2276 pora
220 2219 293 2258 mea.

191 2281 313 2338 Secreta.

191 2361 324 2431 Hostias,
340 2381 516 2437 quaesumus,
533 2361 671 2433 Domine,
687 2362 833 2439 propitius
854 2363 983 2434 intende,
1001 2383 1074 2439 quas
1088 2363 1176 2420 sacris
1191 2361 1336 2418 altaribus

127 2442 321 2514 exhibemus,
343 2449 377 2498 ut
391 2443 476 2500 nobis
496 2443 711 2520 indulgentiam
727 2443 888 2519 largicurte,
904 2449 956 2501 tuo
970 2444 1085 2501 nomini
1099 2444 1171 2500 dent
1184 2444 1333 2500 honorem.

130 2524 197 2580 Per.

192 2603 372 2662 Communia

191 2685 304 2742 Panem
318 2686 354 2742 de
369 2685 438 2742 caelo
453 2686 561 2742 dedisti
581 2686 674 2756 nobis
691 2686 837 2744 Domine:
858 2687 1017 2744 habentem
1037 2706 1123 2744 omne
1144 2685 1336 2744 delectamen-

128 2775 196 2843 tum
211 2772 242 2822 et
256 2786 373 2823 omnem
388 2786 520 2841 saporem
535 2767 700 2824 suavitatis.

191 2847 434 2905 Poatooneneuuia

191 2928 334 2985 Vivificet
347 2947 409 2996 nos,
422 2947 596 3004 quaesumus,
610 2929 747 3000 Domine,
763 2929 853 3004 hujus
866 2929 1054 3006 participatio
1069 2935 1170 2986 sancta
1183 2929 1335 3005 mysterii:

130 3015 160 3066 et
173 3009 286 3084 pariter
300 3009 384 3065 nobis
405 3009 603 3084 expiationem
626 3010 740 3066 tribuat
760 3015 791 3067 et
813 3012 972 3068 munimen.
1015 3010 1075 3068 Per
1088 3010 1251 3067 Dominum
1272 3030 1336 3067 nos-

131 3101 211 3147 trum
226 3090 247 3147 J
250 3109 332 3146 esum
347 3090 508 3147 Christum.

604 3252 704 3309 Fanni
727 3252 866 3321 Quaere.

189 3377 242 3434 Ad
257 3377 423 3435 Corinthios
436 3377 473 3454 (2
495 3398 520 3435 a.
540 3377 637 3456 1-11).

190 3458 326 3516 Fratres:
355 3458 479 3530 Scimus
493 3459 642 3535 quoniam,
659 3459 685 3516 si
697 3458 847 3516 terrestris
868 3458 973 3515 domus
993 3478 1083 3531 usque
1103 3458 1144 3514 od
1165 3457 1336 3515 manifestos

131 3559 183 3597 nos
198 3559 268 3608 esse,
284 3560 337 3615 per
349 3540 370 3597 J
373 3560 455 3596 esum
470 3540 624 3597 Christum
639 3539 803 3597 Dominum
816 3546 959 3596 nostrum

190 3633 359 3691 Seoueriane
369 3633 544 3690 Muhhccurn
559 3631 627 3710 (ccii.
647 3633 762 3709 14-21).

191 3715 230 3771 Iu
244 3714 296 3771 illo
309 3721 450 3790 tempore,
466 3715 623 3771 Abeuntes
637 3714 780 3771 Pharisaei
801 3713 959 3772 concilium
979 3712 1128 3771 faciebant
1148 3733 1238 3788 araque
1253 3713 1293 3770 orl
1306 3719 1339 3771 et

132 3796 161 3853 in
175 3795 297 3853 nomine
311 3797 374 3871 ejus
387 3803 491 3873 gentes
505 3795 675 3872 sperabunt.

617 3992 717 4049 Fran
738 3991 848 4049 Snxm.

191 4113 242 4170 Ad
257 4114 406 4173 Romanos
419 4113 486 4192 (cii.
505 4115 592 4172 14-25
595 4115 619 4193 )

190 4195 328 4253 Fratres:
351 4195 476 4268 Scimus,
493 4197 633 4271 qnoniam
654 4196 703 4254 lex
724 4195 887 4272 spiritualis
908 4201 953 4253 cst
973 4213 1064 4269 usque
1085 4197 1126 4253 ad
1146 4195 1252 4254 Gratia
1269 4198 1337 4266 Dei,

132 4294 182 4351 per
195 4277 217 4334 J
218 4297 300 4334 esum
315 4276 469 4334 Christum
484 4277 648 4335 Dominum
662 4283 805 4335 nostrum.

191 4373 358 4432 Secundum
372 4375 484 4432 Lucam
498 4373 579 4451 (xiii.
597 4373 715 4449 22-30).

190 4455 230 4511 In
244 4456 296 4512 illo
311 4462 451 4530 tempore,
467 4455 539 4512 Ibat
552 4454 574 4512 J
575 4474 641 4513 esus
655 4474 708 4533 per
721 4454 857 4513 civitates
872 4460 902 4513 et
923 4455 1044 4514 castella
1064 4475 1155 4530 usque
1169 4455 1210 4513 cd
1223 4459 1254 4513 et
1267 4462 1340 4513 sunt

133 4535 230 4612 primi,
247 4536 299 4612 qui
312 4543 398 4594 erant
411 4536 573 4596 novissimi.
