2926 4996
386 319 480 386 Dona
503 319 584 386 evii.
602 329 679 406 post
703 320 840 388 0010000
860 321 1069 391 Pentecosten
1265 329 1330 394 243

191 486 384 562 Offlrtorium.

188 568 326 642 Domine,
337 567 371 625 in
384 567 531 625 auxilium
544 587 644 626 meum
657 569 786 645 respice:
804 569 1023 629 confundantur
1033 578 1064 631 et
1077 578 1269 632 revereantur
1279 575 1331 653 qui

125 655 266 726 quaerunt
279 649 409 706 animam
421 668 526 721 meam,
541 655 577 707 ut
589 649 726 707 auferant
739 669 811 708 eam.
1136 690 1138 692 ψ

188 729 309 789 Secreto.

189 811 254 869 Tua
284 830 346 884 1100,
375 811 512 883 Domine,
540 817 724 869 sacramenta
754 811 924 870 custodiant
934 834 943 886 3
977 820 1008 872 et
1041 821 1144 873 eontra
1173 816 1331 876 diabolicos

128 898 271 951 tueantur
284 911 398 968 semper
410 892 554 950 incursus.
597 891 656 949 Per
668 890 842 950 Dominum.

93 997 96 1002 ·
191 972 374 1033 0011010010.
741 991 743 994 ⁴
855 1017 856 1020 ,

190 1054 326 1125 Domine,
340 1053 524 1111 memorabor
530 1052 657 1130 justitiae
670 1059 730 1111 tuae
744 1053 852 1112 solius:
873 1053 963 1129 Deus,
980 1055 1106 1114 docuisti
1123 1077 1171 1116 me
1190 1077 1208 1116 a
1227 1060 1333 1136 juven·

129 1142 196 1193 tute
209 1156 274 1194 mea
287 1158 293 1194 :
314 1141 345 1193 et
358 1154 452 1213 usque
465 1135 498 1192 in
511 1140 659 1193 senectam
673 1141 703 1193 et
716 1134 841 1208 senium,
855 1134 948 1209 Deus,
963 1155 1001 1194 ne
1015 1137 1202 1215 derelinquas
1214 1159 1270 1198 me.

191 1215 435 1274 Poetoommuaio.

192 1297 310 1355 Montes
343 1308 459 1354 nostras
493 1300 524 1354 et
557 1315 678 1372 corpora
707 1295 863 1372 possideat,
891 1317 1067 1372 quaesumus,
1095 1300 1234 1376 Domine,
1262 1298 1334 1360 doni

130 1378 254 1437 eoelestis
274 1378 414 1454 operatio,
425 1382 464 1434 'ut
484 1396 545 1434 non
564 1383 666 1435 noster
687 1396 790 1435 sensus
809 1378 844 1435 in
864 1379 959 1451 nobis,
974 1380 1025 1438 sed
1044 1381 1158 1458 jugiter
1178 1383 1242 1458 ejus
1262 1402 1333 1459 prae-

130 1459 232 1517 veniat
245 1459 374 1518 effeetus.
417 1458 477 1516 Per
490 1458 653 1516 Dominum
666 1464 803 1516 nostrum
816 1458 839 1517 J
840 1477 930 1519 esum.

602 1631 702 1689 Fama
723 1630 862 1701 Qunam

191 1739 241 1797 Ad
255 1738 429 1799 Colosseases
442 1736 479 1815 (i.
494 1736 613 1814 12-18).

192 1821 330 1878 Fratres:
352 1818 471 1877 Gratias
484 1818 598 1894 agimus
612 1818 677 1875 Deo
691 1836 781 1892 usque
793 1818 835 1876 act
848 1822 883 1875 ut
896 1818 936 1876 sit
950 1818 983 1875 in
997 1820 1135 1879 omnibus
1152 1821 1216 1899 ipse
1228 1822 1336 1901 princi

130 1906 235 1978 patum
249 1907 362 1973 tenena,
375 1900 398 1959 J
400 1920 465 1957 esus
480 1899 617 1957 Christus
631 1897 779 1956 Dominus
791 1903 899 1957 noster.

191 1982 359 2041 Secundam:
372 1980 546 2038 Matthoeam
559 1979 601 2057 (a
617 1979 731 2056 33-42).

192 2063 232 2121 In
252 2063 304 2120 illo
325 2068 466 2138 tempore,
480 2061 570 2119 Dixit
591 2061 613 2119 J
614 2079 680 2118 esus
698 2057 850 2136 discipulis
869 2060 949 2119 suis:
976 2061 1115 2121 Audistis
1131 2064 1202 2139 quia
1221 2065 1336 2125 dictum

132 2150 177 2202 est
200 2143 348 2220 antiquis:
380 2143 452 2201 Non
474 2141 640 2219 perjurabis
663 2160 753 2216 usque
776 2141 817 2199 001
840 2146 870 2199 01
890 2141 1005 2201 volenti
1027 2145 1160 2203 mutuari
1178 2165 1197 2204 a
1220 2152 1251 2205 te
1274 2166 1335 2206 non

131 2226 282 2284 avertaris.

618 2342 718 2400 Fama
739 2341 847 2402 Snxm.

193 2451 244 2509 Aa
258 2450 441 2510 Timotheum
457 2449 485 2528 (1
500 2448 538 2509 oi.
551 2447 645 2528 1-11).

193 2532 368 2591 Carissime:
399 2531 487 2589 Nihil
509 2529 668 2589 intulimus
690 2547 780 2604 itaque
804 2529 845 2587 ud
871 2529 920 2585 cui
945 2529 1041 2588 honor
1063 2537 1095 2591 et
1121 2533 1279 2612 imperium
1301 2536 1335 2595 in

131 2615 367 2691 sempiternum.⁴
394 2613 502 2670 Amen.

191 2694 360 2754 Secundam
373 2693 485 2751 lateam
498 2694 564 2770 (aa.
578 2691 625 2748 1-8
627 2690 658 2767 )

193 2776 232 2833 In
245 2776 297 2833 illo
309 2781 450 2851 tempore,
466 2773 589 2831 Factum
604 2777 650 2830 est
662 2769 695 2828 in
707 2789 769 2828 una
781 2769 906 2844 dierum,
920 2771 1044 2830 docente
1056 2774 1079 2833 J
1080 2794 1132 2833 esu
1145 2778 1288 2854 populum
1301 2779 1334 2838 in

130 2857 244 2934 templo
257 2876 347 2933 usqae
361 2857 402 2914 od
416 2873 512 2932 neque
525 2873 579 2930 ego
592 2851 764 2926 (1100101110,
777 2851 811 2909 in
824 2871 883 2929 qua
894 2857 1041 2930 potestate
1054 2854 1116 2914 haee
1129 2857 1212 2918 10010.

258 3044 419 3102 Βο1111101
439 3039 716 3102 Β110111101111111
737 3055 809 3098 rosr
830 3038 971 3099 0011110
992 3041 1213 3107 Parrroosrss.

196 3160 334 3236 Officium.

193 3243 301 3301 Justus
322 3261 361 3315 es,
385 3241 522 3314 Domine,
541 3246 572 3298 et
592 3246 707 3298 rectum
726 3236 874 3316 judicium
897 3244 1001 3299 tuum:
1026 3242 1071 3301 fao
1091 3264 1159 3302 cum
1176 3265 1261 3308 servo
1282 3254 1336 3308 tuo
1378 3310 1380 3312 ,

131 3324 296 3384 secundum
309 3323 541 3381 misericordiam
554 3327 647 3380 tuam.
1145 3321 1147 3325 '

194 3405 339 3463 Psotmua
1018 3449 1020 3453 ,

193 3486 281 3544 Beati
293 3484 476 3543 immaculati
487 3482 521 3542 in
534 3483 601 3543 via:
622 3482 675 3560 qui
688 3481 843 3540 ambulant
856 3481 889 3538 in
902 3483 966 3561 lege
979 3483 1111 3544 Domini

195 3566 302 3626 Oratio.

194 3648 259 3706 Tua
281 3667 344 3722 nos,
367 3647 503 3721 Domine,
528 3664 705 3724 quaesumus,
727 3645 824 3722 gratia
846 3651 877 3706 et
900 3646 1060 3723 praeveniat
1084 3654 1115 3705 et
1137 3654 1335 3727 0011011000

132 3729 219 3788 bonis
232 3729 369 3806 operibus
378 3729 493 3805 jugiter
505 3732 626 3805 praestet
639 3745 700 3783 esse
714 3727 853 3788 intentos.
896 3727 955 3785 Per
969 3726 1140 3787 Dominum.

195 3809 246 3870 nd
256 3809 396 3886 Ephesios
409 3809 426 3886 (
427 3809 463 3867 iv.
480 3809 526 3866 1-6
527 3807 556 3885 )

195 3890 331 3949 Fratres:
356 3889 484 3948 Obsecro
504 3908 559 3946 vos
581 3906 634 3964 ego
655 3886 774 3946 vinetus
792 3889 826 3947 in
845 3889 974 3946 Domino
998 3909 1088 3965 usque
1111 3892 1152 3949 011
1173 3892 1225 3968 qui
1247 3912 1335 3972 super

134 3991 236 4031 omnes
253 3977 284 4029 et
301 3990 354 4049 per
370 3970 471 4028 omnia
488 3976 519 4028 01
535 3969 569 4027 in
586 3969 724 4026 omnibus
737 3968 831 4043 vobis,
851 3969 911 4040 Qui
929 3970 1161 4031 estbenedictus
1177 3972 1211 4031 in
1228 3975 1336 4036 saeoula

132 4053 314 4113 saeculorum.
355 4052 464 4111 Amen.

196 4133 330 4193 (11011010.

195 4215 298 4274 Unam
308 4213 382 4291 petii
392 4233 410 4270 a
420 4212 549 4271 Domino
554 4232 563 4286 ;
579 4211 656 4270 hane
666 4211 828 4290 requiram:
842 4217 878 4269 ut
887 4211 1052 4270 inhabitem
1062 4213 1095 4272 in
1105 4214 1191 4274 domo
1199 4217 1332 4282 Domini.

139 4298 169 4358 V.
196 4296 243 4356 Ut
255 4295 373 4354 videam
385 4294 573 4353 voluntatem
586 4292 728 4351 Domini:
756 4298 787 4350 01
799 4298 936 4371 protegar
948 4313 967 4351 0
979 4294 1090 4370 templo
1103 4304 1205 4358 saneto
1219 4301 1291 4378 ejus

194 4377 343 4454 Alleluya.
391 4375 421 4437 V.
445 4374 636 4434 Oonfitemini
649 4375 788 4449 Domino,
803 4381 834 4433 et
848 4373 985 4434 invocate
997 4393 1106 4436 nomen
1120 4379 1201 4456 ejus:
1221 4402 1335 4444 annun.

133 4459 207 4519 tiate
220 4458 299 4518 inter
312 4463 415 4538 gentes
428 4477 516 4534 opera
529 4457 599 4534 ejus.
