2926 4996
590 371 731 439 Sabbata
751 363 884 439 Soactoss

109 547 1333 712 <Q

143 747 277 804 *porum
290 746 473 802 conces-ss,
497 728 530 786 in
558 728 766 805 hispan-che
791 730 884 819 -sli-
903 731 958 787 bus
991 732 1157 808 gau-di-is
1192 752 1325 792 con-ser·

173 1098 293 1136 ve-re
334 1078 461 1155 dig-ne
506 1114 517 1124 -
562 1078 611 1137 ris.

193 1232 253 1291 Per
270 1232 434 1290 Dominum
448 1236 584 1289 nostrum
597 1232 620 1292 J
620 1251 704 1290 esum
717 1231 871 1291 Christum
892 1232 1005 1291 Filium
1025 1238 1121 1292 tuum.
1165 1234 1227 1305 Qui
1242 1241 1336 1294 tecum

132 1314 210 1372 vivit
233 1319 264 1371 et
287 1320 393 1390 regnat
416 1313 449 1370 in
473 1312 590 1371 unitate
614 1313 744 1390 Spiritus
765 1312 868 1372 Sancti
888 1313 979 1373 Deus.
1035 1315 1094 1374 Per
1113 1317 1215 1374 omnia
1236 1317 1337 1375 saeculs

132 1395 312 1453 seeculorum.
354 1394 462 1453 Amen.

192 1488 264 1546 Hoec
280 1487 385 1558 Lectio,
404 1487 479 1545 sicut
497 1495 522 1545 et
539 1496 683 1563 sequentes
699 1487 853 1560 Lectiones,
873 1489 934 1548 siae
952 1489 1036 1548 titolo
1054 1489 1167 1565 leuatae
1187 1488 1235 1571 [ia
1247 1492 1336 1550 medio

134 1567 337 1629 otoo-MS.
353 1565 408 1648 D.]
427 1569 462 1626 ia
473 1566 691 1644 Sapeipeiiiceis
706 1589 726 1626 α
739 1569 936 1645 superioribas
950 1569 1046 1643 Oleooi,
1059 1572 1213 1646 praelatior
1231 1572 1336 1631 desecte

131 1651 233 1708 deado.
269 1649 417 1707 Probatus
432 1651 551 1708 iuterim
566 1648 676 1709 Oosala
694 1650 728 1707 ia
740 1651 906 1710 revestiario
923 1651 1048 1710 iactatas
1062 1673 1128 1710 cum
1141 1652 1296 1712 Ministeis
1307 1654 1337 1711 ia

131 1730 221 1802 Auos,
238 1731 438 1807 praecauta
458 1729 658 1806 Oeroferoeiis,
680 1730 865 1805 iuprediotae
885 1734 926 1790 ad
945 1733 1059 1804 altum
1079 1743 1106 1791 et
1125 1733 1266 1793 Oratione
1284 1733 1336 1793 Do

131 1813 242 1870 misico
254 1813 336 1869 intra
349 1820 433 1870 seuwt
449 1812 548 1888 ipsum
564 1821 631 1870 aute
649 1813 762 1886 prasius
775 1811 889 1871 Aitaeis
908 1822 1008 1873 secrete
1019 1813 1116 1890 foeta,
1132 1815 1238 1889 sedeat,
1255 1816 1338 1874 doceo

132 1893 245 1969 tequea

191 1973 289 2032 lectio
297 1973 408 2050 primo.
451 1971 539 2052 (Oea.
555 1974 585 2045 i,
601 1973 632 2031 ii.
652 1973 677 2046 l,
695 1974 742 2050 2.)

190 2067 231 2125 In
244 2067 390 2144 principio
403 2067 515 2143 creavit
527 2087 618 2141 usqae
631 2067 672 2124 od
686 2067 765 2142 quod
778 2073 919 2144 patrarat.

190 2157 339 2214 Peaeiatus
351 2157 437 2214 dicat.
482 2155 616 2214 Oremus

192 2250 302 2309 Oratio.
349 2318 352 2323 ,

190 2331 282 2404 Deus,
303 2331 356 2408 qui
375 2329 554 2389 mirabiliter
572 2329 722 2388 hominem
743 2330 850 2388 creasti
869 2336 901 2389 et
919 2329 1085 2388 mirabilius
1104 2330 1279 2406 redemisti;
1301 2332 1338 2390 ds

130 2413 222 2486 nobis,
239 2432 414 2490 quaesumus,
431 2418 534 2470 contre
547 2412 763 2476 oblectamenta
779 2412 892 2487 peccati
912 2411 1021 2477 mentis
1040 2412 1156 2472 ratione
1172 2414 1336 2490 persistere,

130 2500 165 2551 ut
179 2513 345 2552 mereamur
358 2494 396 2551 ad
409 2494 516 2570 gaudie
530 2498 640 2550 aeterna
653 2492 814 2569 pervenire.
858 2493 916 2551 Per
930 2493 1104 2552 Dominum.

190 2574 286 2633 Lectio
300 2576 433 2633 secundo.
478 2574 495 2651 (
496 2574 600 2631 Exodi
616 2574 672 2631 xio.
689 2573 788 2646 24-31,
810 2594 854 2631 αα.
874 2575 898 2632 l.
901 2573 919 2652 )

191 2656 318 2714 Factum
340 2655 415 2713 est
407 2674 439 2711 1n
460 2654 564 2732 vigilie
586 2654 745 2727 matutine,
766 2661 797 2712 et
817 2674 883 2713 ecce
902 2655 1060 2732 respiciens
1080 2655 1232 2714 Dominus
1251 2674 1337 2733 super

130 2742 226 2875 eisin
243 2757 333 2811 usqae
351 2737 392 2793 ad
410 2736 494 2794 Tunc
511 2735 618 2793 cecinit
636 2735 755 2812 Moyses
769 2742 799 2794 et
812 2735 868 2793 filii
885 2735 980 2794 Israel
997 2756 1115 2795 carmen
1127 2737 1184 2795 hoc
1197 2737 1335 2808 Domino,

131 2837 147 2874 e
196 2818 326 2875 inerunt

191 2907 263 2989 [Hic
285 2908 409 2967 Tractus
428 2928 563 3002 sequeus·
566 2916 660 2966 caniet
660 2929 698 2965 ar
718 2910 753 2966 ia
772 2911 865 2968 medio
884 2908 975 2970 Otiosi
991 2930 1010 2968 α
1026 2910 1140 2969 dacius
1165 2910 1291 2970 Vicoriis
1305 2911 1356 2969 de'

130 2990 360 3131 superiorem.
346 3010 387 3128 cp)
389 2988 487 3152 ffapis
505 2989 611 3061 meiere,
629 2990 704 3048 sicea
725 2999 751 3049 et
771 3000 866 3050 ceterae
885 3000 1037 3067 sequentes,
1056 2992 1210 3067 oradatim
1231 2993 1338 3051 duan·

194 3159 327 3224 Tractus.

193 3247 354 3304 Cantemus
367 3245 508 3319 Domino,
522 3245 647 3322 gloriose
660 3244 741 3302 enim
757 3244 966 3304 honorificatus
986 3251 1049 3319 est;
1070 3265 1181 3323 equum
1196 3253 1229 3305 et
1243 3266 1340 3316 escen-

131 3348 227 3387 sorem
241 3328 364 3404 projecit
377 3328 410 3384 in
423 3346 524 3400 msre;
542 3326 661 3404 adjutor
674 3332 704 3383 et
717 3332 867 3402 protector
880 3328 974 3386 fectus
988 3333 1033 3385 est
1046 3327 1122 3385 mihi
1134 3328 1168 3384 in
1181 3328 1318 3386 sulutem.

139 3409 169 3469 V.
195 3410 258 3468 Hic
271 3409 464 3483 Deus'meus,
479 3415 510 3466 et
526 3407 726 3465 honorificabo
744 3427 831 3466 eum:
852 3408 934 3467 Deus
950 3408 1050 3467 Putris
1067 3408 1135 3481 mei,
1151 3413 1182 3467 et
1200 3409 1339 3468 exaltabo

134 3510 343 3631 eliniiominus
356 3575 510 3630 conterens
523 3569 601 3628 belle
608 3589 619 3644 3
639 3569 788 3628 Dominus
801 3589 909 3628 nomen
922 3575 967 3628 est
981 3569 1034 3628 illi.

197 3665 307 3724 Oratio.

194 3747 288 3818 Deus,
307 3745 392 3822 cujus
411 3744 535 3821 antiqua
554 3743 696 3802 miracula
714 3744 805 3803 etiem
824 3744 934 3802 nostris
954 3743 1067 3802 sseculis
1087 3761 1241 3802 coruscare
1254 3742 1342 3803 senti·

136 3847 220 3900 mus·
240 3827 311 3884 dum
325 3825 404 3904 qnod
417 3825 471 3883 uni
484 3825 602 3903 populo,
611 3825 1027 3920 spcrsecutioneAEgyptiacs
1040 3825 1203 3898 liberando,
1212 3826 1341 3884 dextere

135 3915 196 3966 tuae
218 3908 383 3985 potentiam
404 3907 565 3979 contulisti,
584 3907 646 3964 id'
637 3926 670 3963 m
693 3908 819 3966 sulutem
832 3907 967 3983 gentium
988 3925 1041 3982 per
1061 3925 1167 4000 equam
1189 3925 1341 3984 regenere-

136 3989 227 4047 tionis
241 3988 386 4065 opereris:
407 3995 524 4065 priests,
538 4008 714 4064 quaesumus,
730 3995 766 4047 ut
779 3993 811 4045 et
823 3986 995 4046 inAbrshae
1008 3987 1094 4061 filios,
1108 3987 1161 4045 et'
1152 4006 1187 4044 rn
1200 3986 1342 4046 Ismeiiti·

137 4089 200 4128 cem
214 4070 398 4145 dignitatem,
413 4069 507 4128 totius
519 4069 625 4126 mundi
636 4075 769 4128 transeat
781 4064 943 4146 plenitude
986 4068 1046 4126 Per
1058 4067 1236 4127 Dominum.

197 4163 295 4221 Lectio
310 4164 402 4220 tertia
444 4161 587 4241 (Esaia
574 4183 611 4220 eo.
614 4163 632 4239 )

197 4243 434 4320 Apprehendcnt
456 4250 568 4321 septem
590 4243 728 4301 mulieres
748 4243 847 4301 vnum
870 4261 965 4301 unum
984 4242 1019 4300 in
1041 4242 1090 4300 die
1112 4241 1166 4300 illa
1185 4262 1280 4319 usqeee
1303 4238 1361 4300 ael

137 4330 167 4384 et
179 4325 213 4382 in
227 4325 415 4383 securitatem
428 4330 459 4382 et
472 4326 691 4383 absconsionem
705 4346 723 4383 e
735 4325 856 4384 turbine
869 4331 901 4384 et
913 4344 931 4382 a
944 4323 1055 4402 pluvia.

142 4521 151 4530 ‘
198 4420 388 4559 giiiihiicte
401 4505 445 4557 est
459 4499 567 4558 dilecto
579 4501 610 4557 in
626 4508 726 4574 cornu,
739 4500 773 4557 in
786 4499 850 4558 loco
863 4498 956 4558 uberi.
