2926 4996
352 441 355 446 Δ
454 370 639 437 Doruiuc'ca
653 371 696 436 ia
710 371 928 457 Scuopesiruu.
1251 375 1292 436 41

151 537 283 596 Tractus.

149 620 197 676 De
211 619 365 696 profundis
378 619 503 676 clamavi
516 620 554 677 ad
568 627 607 691 te,
622 620 769 677 Domine:
791 620 920 677 Domine
934 620 1043 678 exaudi
1056 639 1157 678 vocem
1171 639 1274 677 meam.

95 701 124 757 V.
148 700 241 757 Fiant
254 719 339 757 aures
352 706 412 757 tuae
426 701 632 759 intendentes:
652 701 686 757 in
701 701 863 758 orationem
877 703 955 758 servi
968 702 1022 759 tui.

95 781 124 838 V.
149 781 182 838 si
195 781 368 857 iniquitates
382 781 590 854 observaveris,
607 782 752 842 Domine:
775 782 910 850 Domine,
925 783 991 858 quis
1005 781 1184 840 sustinebiti

96 862 125 918 V.
151 862 229 931 Quia
249 862 328 938 apud
351 867 382 919 te
403 863 576 938 propitiatio
600 870 662 920 est:
693 873 723 920 et
745 868 865 939 propter
885 863 979 939 legem
1001 870 1085 920 tuam
1107 864 1236 921 sustinui
1258 869 1295 934 te,

90 942 228 1000 Domine.

150 1023 318 1082 Secundum
331 1023 504 1082 Muttltoeum
517 1023 580 1101 (aa.
599 1024 691 1101 1-16).

152 1105 191 1162 In
206 1105 257 1161 illo
271 1113 410 1180 tempore,
427 1105 516 1161 Dixit
529 1105 617 1163 Jesus
631 1104 781 1181 discipulis
798 1106 858 1162 suis
879 1106 1048 1182 parabolam
1070 1104 1146 1162 hanc
1157 1125 1166 1177 3
1196 1105 1300 1162 Simile

89 1194 137 1244 est
160 1205 285 1262 regnum
309 1186 446 1242 caelorum
470 1185 584 1242 homini
607 1186 813 1262 patrifamilias
835 1207 926 1261 arque
948 1187 986 1245 ad
1012 1186 1101 1243 multi
1125 1185 1205 1244 enim
1230 1192 1300 1243 suut

92 1267 199 1337 vocati,
221 1266 308 1343 pauci
327 1286 399 1323 vero
419 1267 511 1324 electi.

157 1346 350 1421 Offlrtorc‘uuc.

152 1428 272 1486 Bonum
288 1433 332 1485 est
346 1428 481 1485 confiteri
495 1427 642 1487 Domino:
664 1434 694 1486 et
708 1429 833 1504 psallere
846 1428 962 1487 nomini
976 1434 1038 1502 tuo,
1053 1428 1217 1486 Altissime.

153 1508 274 1567 Secreta.
677 1556 679 1561 .

155 1590 332 1647 Muneribus
359 1591 476 1661 nostris,
506 1609 681 1665 quaesumus,
706 1590 843 1662 Domine,
868 1591 1061 1666 precibusque
1083 1589 1244 1666 susceptis:
1273 1597 1303 1646 et

91 1671 259 1738 caelestibus
272 1690 326 1726 uos
340 1671 451 1728 munda
464 1671 621 1746 mysteriis,
637 1679 666 1729 et
681 1671 841 1729 elementer
855 1672 969 1729 exaudi.
1013 1672 1078 1728 Per.
1127 1717 1129 1720 ,

157 1751 339 1809 Communia

155 1832 300 1889 Illumiua
322 1832 427 1889 faciem
449 1838 531 1889 tuam
550 1852 638 1908 super
655 1853 773 1890 servum
786 1839 889 1891 tuum:
913 1840 943 1892 et
957 1833 1071 1891 salvum
1084 1853 1132 1890 me
1145 1833 1191 1891 fac
1205 1833 1237 1889 in
1251 1837 1304 1889 tua

93 1912 314 1972 misericordia:
343 1913 479 1985 Domine,
496 1933 556 1970 non
571 1914 754 1988 confundar;
779 1915 918 1990 quoniam
935 1915 1070 1971 invocavi
1083 1921 1122 1971 te.

155 1994 398 2052 Postcommuaio.

155 2074 274 2132 Fideles
288 2075 342 2145 tui,
358 2074 447 2146 Deus,
463 2094 516 2151 per
536 2082 589 2132 tua
610 2076 687 2133 dona
706 2076 870 2147 firmentur,
886 2081 921 2133 ut
942 2076 1043 2133 eadem
1063 2081 1093 2132 et
1113 2073 1303 2151 percipiendo

93 2156 258 2232 requirant,
272 2161 304 2213 et
316 2157 474 2231 quaerendo
487 2157 550 2213 sine
564 2157 622 2213 fine
636 2156 805 2233 percipiant
850 2156 909 2214 Per
923 2156 1086 2213 Dominum
1100 2161 1241 2213 nostrum.

569 2335 668 2393 Fnam
690 2337 828 2406 qunru.

157 2459 209 2515 Aa
222 2456 357 2515 Hebraeos
370 2457 424 2535 (oi.
442 2456 515 2533 4-9)

159 2539 299 2596 Fratres:
320 2538 505 2614 Impossibile
526 2543 571 2595 est
591 2558 680 2613 utaque
702 2541 740 2596 cd
760 2545 790 2596 et
811 2538 953 2596 viciniora
976 2537 1067 2595 saluti
1091 2536 1209 2594 Christo
1233 2536 1255 2594 J
1256 2555 1308 2594 esu

96 2621 230 2678 Domino
243 2625 352 2676 nostro.

159 2700 327 2758 Semcudum
340 2700 477 2757 Marcum
491 2699 546 2777 (irc.
565 2700 680 2778 29-36).

161 2781 202 2838 In
223 2781 275 2838 illo
296 2787 437 2857 tempore,
454 2781 594 2857 Egressus
612 2781 634 2839 J
635 2800 700 2838 esus
710 2781 774 2838 ibat
787 2800 840 2856 per
854 2780 1007 2839 Galilaeam
1020 2800 1074 2839 neo
1087 2780 1206 2838 volebat
1219 2799 1309 2854 usqae

94 2865 138 2921 ud
153 2863 207 2938 qui
220 2881 268 2919 me
280 2862 369 2919 misit.
415 2862 474 2931 Qui
487 2863 577 2919 habet
590 2882 674 2919 aures
687 2861 827 2919 audiendi
840 2863 951 2920 audiat.

588 3029 687 3086 Fumi
708 3028 816 3086 Suxru.

168 3150 218 3209 Ad
231 3150 433 3227 Hebraeae.
453 3151 517 3209 ll=l
540 3151 565 3228 ).
777 3179 805 3203 κ,

167 3233 286 3290 Fratres
300 3253 306 3289 :
335 3231 521 3288 Festinemus
535 3231 651 3308 ingredi
664 3250 754 3306 usquc
768 3232 809 3288 ad
822 3231 855 3287 in
869 3231 982 3288 auxilio
996 3238 1171 3307 opportune.

171 3313 339 3370 Secundum
353 3313 465 3370 [arcam
478 3313 534 3390 (aa.
550 3312 665 3389 51-56).

170 3394 212 3451 In
225 3394 277 3450 illo
293 3400 434 3470 tempore,
451 3394 575 3450 Factum
598 3400 642 3450 est
662 3399 761 3450 autem
782 3393 854 3450 dum
875 3392 1092 3470 complerentur
1111 3411 1200 3467 usquc
1221 3393 1261 3449 ad
1282 3397 1312 3448 et

97 3475 243 3534 abierunt
256 3475 289 3532 in
302 3474 384 3532 aliud
398 3474 558 3532 castellum.

490 3644 650 3703 Dounucu
672 3661 705 3703 ru
725 3645 930 3703 Saxuansms.

166 3773 217 3831 Ad
233 3773 368 3830 Massam.
412 3771 551 3846 Officium.

168 3855 313 3931 Exsurge,
328 3872 419 3929 quare
440 3853 593 3925 obdormis
611 3852 749 3923 Domine,
764 3871 888 3928 exsurge
901 3857 931 3908 et
952 3870 989 3907 ne
1007 3850 1130 3926 repellas
1152 3849 1184 3907 in
1204 3849 1312 3907 finem:

99 3955 199 4015 quare
219 3935 323 3992 faciem
344 3942 429 3990 tuam
449 3934 566 4005 avertis,
583 3933 763 3990 oblivisceris
776 3932 998 3989 tribulationem
1012 3937 1165 4003 nostram3
1192 3930 1315 3988 adhaesit

99 4021 136 4077 in
150 4024 235 4074 terra
247 4021 352 4072 venter
365 4020 466 4071 noster
477 4035 487 4088 3
508 4033 641 4090 exsurge,
657 4012 792 4084 Domine,
807 4011 916 4088 adjuva
929 4031 983 4069 nos
996 4019 1027 4069 et
1040 4012 1134 4069 libera
1147 4031 1207 4070 nos.

168 4096 318 4154 Paalmas.
611 4125 614 4130 ·

169 4179 261 4249 Deus,
276 4177 397 4235 auribus
407 4177 516 4234 uostris
525 4175 709 4234 audivimus:
731 4180 830 4251 patres
843 4174 938 4230 nostri
950 4174 1208 4232 anurmciaverunt
1220 4173 1313 4230 nobis.

170 4259 279 4317 Oratio.

169 4340 263 4411 Deus,
279 4339 332 4415 qui
345 4323 487 4414 conspicis
502 4337 572 4415 quia
586 4357 623 4395 ex
638 4337 721 4394 nulla
734 4341 835 4393 nostra
848 4335 962 4393 actione
976 4335 1148 4394 confidimus
1160 4355 1169 4409 ;
1193 4335 1316 4393 concede

98 4419 265 4502 propitius,
279 4425 315 4477 ut
335 4425 439 4477 contra
452 4419 574 4477 adversa
587 4419 687 4476 omnia
700 4417 828 4475 doctoris
844 4417 979 4492 gentium
998 4418 1182 4493 protectione
1201 4416 1316 4474 munia·

98 4521 185 4564 mur.
229 4499 289 4558 Per
303 4499 475 4560 Dominum.
