2926 4996
50 334 53 340 .
165 369 206 429 50
566 360 706 429 Sabbata
719 367 793 447 post
809 360 951 426 Cineres.

225 530 370 588 Psotaaua.

224 610 373 669 Exaltabo
385 616 425 683 te,
442 609 579 683 Domine,
595 609 736 687 quoniam
749 609 903 685 suscepisti
916 625 981 667 met
1002 628 1055 666 nec
1069 608 1222 666 delectasti
1235 608 1369 667 inimicos

166 712 246 752 meos
260 712 348 768 super
360 711 415 749 me.

229 772 337 832 Oratio.

225 854 370 911 Inchoata
389 852 512 929 jejunia,
539 870 713 926 quaesumus,
740 850 878 923 Domine,
903 851 1031 926 benigno
1054 851 1153 908 favore
1176 871 1370 928 prosequere:

167 943 203 993 ut
220 935 436 992 observantiam
458 952 547 1009 quam
568 933 759 1008 corporaliter
778 932 960 1004 exhibemus,
976 933 1124 989 mentibus
1142 934 1233 990 etiam
1253 933 1371 991 sinceris

168 1035 302 1075 exercere
315 1015 472 1072 valeamus.
517 1012 575 1069 Per
589 1012 759 1069 Dominum.

227 1097 323 1155 Lectio
337 1097 435 1153 Esaiae
448 1094 598 1168 Prophetae
618 1092 706 1169 (lviii.
726 1093 799 1170 1-9)

228 1178 304 1235 Haec
318 1177 389 1234 dicit
404 1176 551 1234 Dominus
566 1174 655 1246 Deus,
669 1173 780 1247 Clamo,
795 1193 833 1230 ne
848 1193 938 1231 cesses
952 1196 1041 1250 usqae
1056 1175 1096 1231 od
1110 1175 1194 1232 Tunc
1210 1174 1370 1246 invocabis,

167 1267 198 1318 et
212 1259 359 1315 Dominus
372 1257 530 1314 exaudiet:
555 1255 701 1328 clamabis,
718 1262 749 1312 et
762 1256 860 1313 dicet:
884 1256 960 1314 Ecce
973 1257 1096 1329 adsum,
1117 1257 1188 1331 quia
1208 1256 1371 1315 misericors

169 1360 234 1397 sum
248 1339 396 1396 Dominus
410 1338 493 1395 Deus
505 1343 583 1396 tuus.

232 1419 366 1478 Gaodole.

228 1501 364 1567 Domine,
379 1499 527 1575 refugium
541 1498 636 1555 factus
650 1517 680 1554 es
694 1498 779 1555 nobis
793 1517 811 1554 a
824 1499 1013 1574 generatione
1028 1504 1058 1555 et
1071 1498 1217 1575 progenie.

176 1584 205 1640 V.
232 1581 409 1657 Priusquam
430 1585 545 1636 montes
566 1580 679 1651 fierent,
695 1585 748 1636 aut
761 1580 940 1638 formaretur
953 1585 1032 1637 terra
1046 1587 1077 1637 et
1090 1581 1177 1653 orbis,
1193 1580 1331 1638 assecula
1345 1586 1373 1637 et

169 1665 203 1721 in
217 1661 355 1720 saeculum
370 1667 406 1718 tu
420 1680 450 1718 es
465 1660 554 1719 Deus.

233 1744 364 1800 Tractus.

233 1824 371 1893 Domine,
386 1842 447 1879 non
460 1821 628 1879 secundum.

231 1903 433 1978 anopeliuaa.
477 1901 644 1960 Secundum
657 1902 832 1961 Mottlaceaoe
852 1901 894 1979 (a.
912 1903 1009 1975 43-48,
1025 1903 1062 1960 oc'.
1080 1902 1153 1981 1-6)

232 1986 272 2042 In
292 1985 344 2041 illo
365 1990 505 2060 tempore,
529 1983 618 2040 Dixit
630 1984 652 2041 J
654 2003 720 2041 esus
741 1983 890 2060 discipulis
911 1985 971 2041 suis
982 2006 990 2056 3
1011 1984 1148 2041 Audistis
1169 1984 1242 2060 quia
1262 1985 1374 2042 dictrrm

173 2071 235 2138 est;
256 2066 370 2142 Diliges
390 2065 560 2140 proximum
581 2071 669 2122 tuum
689 2085 779 2139 usqae
799 2066 840 2122 od
861 2064 951 2122 Pater
966 2071 1037 2122 tuus
1051 2066 1103 2140 qui
1116 2066 1199 2122 videt
1212 2066 1246 2122 in
1260 2066 1375 2124 abscon-

173 2149 243 2220 dito,
260 2148 363 2205 reddet
377 2146 441 2203 tibi.

235 2227 426 2302 Offertoaiam.

235 2309 370 2382 Domine,
387 2307 504 2366 vivifica
523 2327 571 2365 me
590 2308 750 2365 secundum
764 2307 915 2384 eloquium
927 2313 1032 2367 tuumt
1053 2313 1090 2365 ut
1103 2307 1193 2365 sciam
1206 2306 1377 2365 testimonia

175 2397 235 2450 tua.

236 2470 357 2529 Secreto.

234 2551 424 2622 Sacrificium,
441 2549 578 2620 Domine,
593 2550 787 2606 observantiae
801 2550 1058 2626 quadragesimalis
1072 2551 1240 2608 offerimus:
1261 2556 1376 2626 praesta,

174 2651 349 2708 quaesumus,
372 2636 408 2687 ut
429 2630 486 2686 tibi
510 2636 540 2686 et
564 2635 676 2686 mentes
700 2637 816 2688 nostras
840 2631 944 2688 reddat
967 2637 1107 2708 acceptas,
1132 2638 1163 2690 et
1187 2630 1377 2689 continentia

175 2713 312 2770 salutaris
325 2711 410 2768 nobis
424 2711 538 2768 tribuat
551 2711 727 2768 facultatem.
771 2711 830 2768 Per
843 2712 1014 2769 Dominum.

237 2792 419 2851 Communia.

235 2873 351 2931 Servite
362 2871 491 2929 Domino
505 2872 538 2928 in
548 2872 672 2928 timore:
694 2878 725 2929 et
735 2873 869 2931 exultate
882 2873 910 2930 ei
920 2893 986 2931 cum
997 2879 1143 2933 tremore:
1163 2875 1378 2951 apprehendite

176 2954 370 3030 disciplinam,
381 2973 419 3010 ne
433 2953 558 3028 pereatis
571 2952 609 3010 de
622 2953 672 3010 via
680 2953 772 3028 justa.

236 3034 479 3092 Pastoommuaa'o.

235 3115 381 3191 Spiritum
400 3115 492 3186 nobis,
516 3113 652 3188 Domine,
674 3120 734 3172 tuae
756 3115 889 3173 caritatis
908 3117 1042 3188 infunde,
1063 3122 1099 3174 ut
1122 3137 1196 3193 quos
1219 3138 1282 3176 uno
1305 3137 1382 3196 pane

176 3196 285 3254 caelesti
317 3195 439 3267 satiasti,
468 3202 521 3253 tua
547 3195 636 3253 facias
669 3196 780 3273 pietate
807 3198 970 3256 concordes.
1027 3198 1087 3256 Per
1110 3199 1285 3257 Dominum.
1343 3199 1383 3259 In

178 3278 294 3335 unitate
311 3276 449 3352 ejusdem.
1236 3270 1242 3279 “

238 3359 333 3433 Super
346 3356 503 3432 Populum.

239 3440 342 3510 Tuere,
369 3437 506 3509 Domine,
528 3437 671 3514 populum
691 3444 786 3508 tuum,
807 3445 838 3496 ot
859 3440 897 3496 ab
919 3441 1055 3499 omnibus
1074 3442 1202 3518 peccatis
1222 3443 1385 3501 clementer

177 3521 305 3578 emunda
314 3540 324 3593 3
345 3519 415 3595 quia
428 3518 512 3575 nulla
524 3519 552 3576 ei
567 3519 684 3576 nocebit
704 3519 876 3593 adversitas,
892 3521 917 3578 si
937 3522 1020 3580 nulla
1040 3523 1210 3582 dominetur
1230 3524 1383 3601 iniquitas.

179 3602 238 3659 Per
252 3601 424 3659 Dominum.

709 3734 855 3797 Sannina.

239 3844 289 3901 Aa
302 3843 434 3900 Missam.
479 3840 619 3916 Officium.

239 3925 370 3982 Audivit
384 3923 538 3982 Dominus.

242 4003 350 4062 Oratio.

241 4085 462 4143 Observationis
482 4085 571 4160 hujus
587 4084 698 4161 jejunii
717 4104 817 4142 annua
843 4087 1013 4145 celebritate
1040 4088 1182 4163 laetantes,
1206 4109 1384 4173 quaesumus,

181 4166 318 4237 Domine,
334 4171 369 4222 ut
383 4166 681 4241 quadragesimalibus
697 4166 863 4224 actionibus
876 4169 1062 4243 inhaerentes,
1078 4171 1174 4247 plenis
1194 4173 1260 4248 ejus
1280 4173 1387 4232 effecti-

178 4249 234 4305 bus
247 4246 432 4322 gaudeamus.
477 4247 535 4303 Per
548 4246 719 4305 Dominum.

240 4327 338 4385 Lectio
351 4327 450 4384 Esaiae
463 4327 614 4402 Prophetae
632 4328 722 4406 (tatii.
740 4328 833 4408 9-14).

241 4408 317 4465 Haec
331 4407 404 4464 dicit
418 4408 573 4478 Dominus,
588 4408 620 4466 si
640 4410 797 4468 abstuleris
817 4410 853 4470 de
873 4411 970 4470 medio
987 4414 1034 4472 tui
1048 4419 1181 4474 catenam
1195 4435 1287 4493 vaqeae
1300 4416 1341 4477 ud
1353 4434 1384 4476 os

184 4490 262 4548 enim
278 4488 402 4546 Domini
415 4489 548 4547 locutum
562 4494 607 4546 est
620 4490 690 4548 haec.
