2926 4996
460 319 603 385 Furius.
619 318 663 384 io
676 318 731 385 dia
749 320 849 386 Cauca
1026 355 1028 360 .
1210 325 1251 388 95

110 488 205 546 Facto
231 507 360 546 sermono
379 487 413 544 io
435 487 553 563 pulpito
577 487 724 544 Pr'aelotus
751 507 818 544 cum
844 487 907 546 auia
930 489 971 546 od
990 489 1119 563 pradum
1143 488 1256 548 Altaria

47 579 218 648 prostratus
251 571 330 626 dicut
363 577 467 643 septem
501 568 634 627 Prolatos
662 568 876 644 poenitentiales
905 590 971 626 oum
1005 569 1185 644 Antiphonti,
1207 571 1256 629 Nc

51 651 270 709 reminiscaris:
301 659 327 707 et
346 647 457 708 Cliorua
478 649 612 706 similiter
633 669 690 724 pro
714 669 751 721 aa,
773 650 972 725 audjuuqeodo
993 651 1107 709 cuilibet
1127 652 1256 724 Paulino,

51 732 159 790 Gloria
180 731 272 788 Patri.
322 730 451 787 Psalmis
477 751 541 788 uero
568 751 634 787 cum
657 729 828 806 Autipiliouu
850 732 951 805 finitis
981 740 1127 807 aequatur,
1160 732 1257 809 Kyrie

49 814 180 889 eleyson.
217 811 335 869 Christe
350 810 475 886 eleyson.
513 811 609 887 Kyrie
623 811 749 886 eleyson.
786 811 878 868 Pater
890 818 998 870 noster.
1027 813 1255 873 Prolatusucro

50 904 163 954 erectam
177 890 215 973 [ct
229 894 269 950 ad
282 901 418 949 austrum
432 912 589 964 conuersus,
605 892 671 949 MS.
688 890 740 972 D.]
755 901 780 950 ct
794 893 892 951 coieris
898 894 1057 968 prostratis
1071 894 1166 952 dicut:

254 974 296 1030 Et
309 992 347 1029 ne
360 992 420 1030 nos.
464 972 521 1029 Sed
534 973 634 1030 libera.

256 1055 302 1111 Tu
316 1054 464 1110 mandasti
477 1054 617 1111 mandata
630 1060 702 1126 tua3

298 1134 449 1192 Custodiri
462 1134 557 1191 nimis.

247 1216 393 1288 Domine,
408 1235 470 1272 non
483 1215 643 1272 secundum
656 1221 776 1292 peccata
788 1222 890 1273 nostra
903 1216 991 1274 facias
1009 1217 1093 1275 nobis
1107 1238 1113 1274 ε

297 1296 404 1372 Neque
418 1296 585 1353 secundum.

259 1377 360 1435 Salvos
374 1378 419 1434 fac
434 1396 531 1435 servos
545 1383 613 1434 tuos
627 1382 657 1434 et
671 1377 791 1434 ancillas
807 1383 894 1450 tuas3

299 1459 382 1515 Deus
395 1478 487 1530 meus,
502 1464 652 1534 sperantes
669 1458 702 1515 in
715 1464 752 1515 te.

259 1539 447 1612 Convertere,
463 1539 600 1612 Domine,
615 1557 708 1614 usquc
722 1558 787 1614 quc.

300 1620 341 1677 Et
355 1620 552 1696 deprecabilis.
655 1671 656 1675 ,

260 1701 342 1773 Esto,
359 1702 495 1773 Domine,
511 1701 603 1757 turris
616 1700 801 1757 fortitudinis
816 1721 825 1773 3

300 1783 331 1838 A
344 1782 417 1839 facie
430 1782 551 1838 inimici.

260 1862 352 1920 Mitte
366 1864 415 1934 eis,
433 1863 569 1933 Domine,
580 1861 726 1918 auxilium
738 1862 775 1919 do
788 1868 889 1919 sancto

301 1944 343 2000 Et
355 1945 391 2000 de
405 1944 476 2000 Sion
490 1951 573 2000 tuere
587 1962 643 2000 eos.

261 2024 389 2081 Dominc
403 2025 510 2082 exaudi
524 2025 687 2081 orationem
702 2043 806 2081 meam.

118 2105 268 2163 Dominus
281 2106 440 2165 vobiscum.
483 2106 613 2162 Etcum.

118 2188 251 2246 Cremna
296 2186 404 2244 Oratio.

121 2269 232 2326 Oratio.

118 2350 244 2421 Adest0,
261 2349 397 2420 Domine,
414 2347 677 2424 supplicationibus
697 2347 806 2404 nostris
816 2366 824 2418 ;
845 2351 876 2404 et
896 2365 952 2418 mc,
967 2347 1020 2423 qui
1040 2347 1130 2404 etiam
1147 2347 1262 2423 miseri«

56 2431 161 2490 cordia
182 2437 235 2487 tua
258 2431 372 2505 primus
394 2430 521 2505 indigeo,
545 2429 704 2485 clementer
726 2428 850 2485 exaudi:
872 2433 902 2484 et
924 2447 1010 2503 quem
1033 2448 1094 2485 non
1119 2429 1262 2486 electione

58 2513 162 2570 meriti
183 2511 234 2568 scd
259 2511 335 2568 dono
363 2511 465 2586 gratiae
493 2516 552 2566 tuac
580 2509 762 2565 constituisti
786 2509 880 2584 operis
900 2507 989 2584 hujus
1017 2509 1194 2582 ministrum,
1224 2510 1262 2567 da

58 2593 200 2651 fiduciam
214 2592 261 2648 tui
281 2592 411 2648 muneris
424 2591 612 2665 exsequendi,
629 2589 737 2665 etipse
758 2589 790 2645 in
803 2595 904 2646 nostro
923 2589 1088 2648 ministerio
1107 2591 1185 2666 quod
1202 2596 1262 2648 tuae

59 2675 182 2752 pietatis
196 2678 240 2730 est
254 2692 383 2749 operare.
426 2670 484 2728 Per
499 2672 651 2731 Christum
665 2670 829 2728 Dominum
842 2676 985 2727 nostrum.

123 2755 197 2811 Alio
212 2753 319 2811 Oratio.

123 2835 245 2906 Praesta,
255 2852 430 2910 quaesumus,
443 2833 580 2903 Domine,
589 2832 707 2889 famulis
721 2833 781 2889 tuis
795 2832 917 2909 dignum
929 2832 1109 2908 paenitentiae
1123 2833 1262 2906 fructum,

61 2923 98 2975 ut
117 2916 245 2974 ccclesiae
264 2926 324 2972 tua
345 2922 461 2985 sanctae,
478 2934 495 2970 a
513 2915 595 2988 cujus
615 2913 787 2989 integritate
807 2913 962 2970 deviarant
984 2915 1139 2989 peccando,
1159 2915 1265 2972 admis-

60 3018 162 3056 sorum
176 2997 338 3054 reddantur
350 2996 474 3068 innoxii,
490 2995 607 3051 veniam
620 2994 830 3069 consequendo.
863 2993 922 3051 Per
936 2995 1088 3052 Christum
1102 2995 1266 3053 Dominum
1302 2989 1305 3002 '

62 3085 208 3136 nostrum.

123 3159 196 3216 Alio
211 3158 319 3216 Oratio.

125 3241 217 3311 Deus,
228 3238 352 3295 humani
365 3237 479 3313 generis
489 3236 697 3312 benignissime
708 3235 841 3293 conditor
855 3242 885 3293 ct
896 3236 1163 3294 misericordissime
1177 3239 1267 3295 refor-

63 3328 170 3393 mator,
186 3321 239 3396 qui
253 3319 403 3376 hominem
421 3319 535 3375 invidia
553 3318 663 3375 diaboli
675 3318 713 3374 ab
731 3318 897 3374 aeternitate
916 3317 1071 3392 dejectum,
1089 3317 1182 3375 Unici
1196 3319 1267 3376 Filii

63 3403 111 3460 tui
131 3401 274 3477 sangnine
295 3400 464 3471 redemisti,
484 3399 602 3455 vivifica
619 3399 672 3454 hos
692 3398 818 3455 famulos
838 3405 914 3469 tuos,
930 3416 1003 3473 quos
1021 3399 1077 3454 tibi
1097 3399 1267 3458 nullatenus

65 3483 141 3540 mori
172 3482 336 3552 desideras,
378 3489 408 3536 et
439 3480 493 3555 qui
523 3499 583 3536 non
616 3479 796 3554 derelinquis
830 3478 939 3549 devios,
967 3498 1083 3536 assume
1114 3486 1265 3537 correctos.

66 3564 213 3621 Moveant
224 3563 366 3638 pictatem
379 3568 472 3633 tuam,
487 3580 663 3636 quaesumus,
679 3560 814 3632 Domine,
830 3559 936 3616 horum
953 3560 1132 3617 famulorum
1146 3566 1266 3618 tuorum

64 3645 219 3702 lacrimosa
232 3641 364 3718 suspiria.
407 3642 453 3698 Tu
467 3661 569 3699 eorum
583 3642 699 3699 medere
713 3641 894 3713 vulneribus,
910 3647 946 3697 tu
963 3641 1131 3716 jacentibus
1144 3661 1266 3698 manum

65 3726 183 3802 porrige
196 3724 375 3795 salutarem3
395 3742 433 3779 ne
447 3723 576 3780 Ecclesia
589 3730 641 3780 tua
655 3722 755 3798 aliqua
768 3721 815 3778 sui
829 3721 958 3798 corporis
971 3722 1106 3797 portione
1119 3728 1254 3780 vastetur
1258 3743 1267 3795 3

66 3827 103 3865 nc
116 3826 192 3884 grex
205 3811 275 3862 tuus
290 3805 500 3861 detrimentum
514 3804 676 3874 sustineat,
696 3823 734 3860 ne
748 3803 784 3861 de
798 3803 917 3860 familiae
931 3808 990 3859 tuae
1005 3802 1112 3859 damno
1131 3803 1268 3861 inimicus

64 3888 198 3946 exsultet
206 3906 216 3959 ;
236 3906 274 3943 ne
288 3892 404 3942 renatos
418 3886 535 3941 lavacro
549 3885 673 3941 salutari
685 3903 764 3941 mors
778 3883 906 3941 secunda
918 3883 1073 3959 possideat.
1106 3883 1175 3940 Tibi
1189 3903 1266 3961 ergo,

66 3969 206 4040 Domine,
220 3967 365 4042 supplices
381 3986 489 4041 preces,
506 3965 562 4022 tibi
580 3964 684 4022 fletum
698 3965 793 4022 cordis
811 3964 995 4022 effundimus.
1039 3963 1086 4020 Tu
1103 3983 1189 4040 parce
1203 3985 1269 4024 con·

66 4049 231 4119 litantibus,
254 4056 289 4104 ut
310 4049 350 4104 sic
371 4047 403 4103 in
420 4047 474 4103 hac
493 4047 674 4103 mortalitate
698 4051 818 4122 peccata
838 4050 937 4102 anate
955 4045 1115 4120 adjurante
1132 4046 1267 4117 defleant,

65 4137 213 4207 quatenus
227 4130 259 4186 in
270 4128 417 4185 tremendi
427 4128 533 4203 judicii
545 4128 592 4184 die
602 4128 779 4184 sententiam
790 4126 989 4183 damnationis
999 4132 1118 4183 aeternae
1129 4128 1268 4200 evadant3

65 4221 97 4269 et
117 4212 252 4269 nesciant
273 4209 352 4285 quod
370 4215 462 4266 terret
479 4209 511 4264 in
532 4209 670 4280 tenebris,
687 4208 765 4284 quod
784 4206 889 4264 stridet
909 4207 942 4263 in
959 4207 1086 4264 fiammis
1095 4228 1104 4280 ;
1124 4215 1214 4284 atque
1231 4210 1269 4266 ab

64 4293 173 4351 erroris
186 4293 237 4348 ria
250 4291 288 4348 ad
309 4291 366 4346 iter
380 4289 490 4346 reversi
505 4290 640 4365 justitiae,
655 4308 842 4364 nequaquam
855 4286 1027 4346 vulneribus
1041 4288 1121 4346 ultra
1138 4290 1269 4347 saucien-

65 4382 125 4446 tur,
137 4374 187 4431 sed
201 4374 353 4448 integrum
367 4371 405 4427 sit
420 4371 462 4427 eis
474 4376 564 4445 atque
578 4376 761 4446 perpetuum,
772 4375 802 4426 et
816 4369 894 4444 quod
908 4369 1004 4442 gratia
1021 4375 1074 4427 tua
1088 4371 1223 4442 contulit,
1239 4377 1270 4428 et

64 4455 146 4532 quod
159 4452 361 4512 misericordia
375 4458 428 4509 tua
440 4452 620 4509 reformavit.
634 4525 636 4529 ι
664 4451 723 4508 Per
737 4450 889 4508 Christum
903 4449 1068 4508 Dominum
1080 4457 1222 4509 nostrum.
