2926 4996
193 355 232 414 18
585 348 633 411 In
647 346 833 412 Nativitete
846 345 1001 412 Domini.

193 517 304 575 dicitnr
317 515 412 573 Misso
426 517 464 572 od
476 514 629 590 placitam,
644 524 678 571 nt
686 515 806 590 plenius
819 524 920 590 posteo
933 514 968 571 in
979 512 1098 572 rubrica
1111 523 1177 572 ente
1187 515 1394 590 Proesotionenr

192 597 282 673 bajas
295 597 354 655 diei
367 595 602 654 notatim-MS.
616 593 667 674 li]

252 677 433 737 Communia
1235 715 1239 721 -

254 760 375 831 Exulta,
402 758 463 814 lilia
491 757 569 829 Sion,
598 756 687 813 lauda
713 756 775 813 filia
803 755 1011 813 Hierusalem:
1046 776 1110 815 ecce
1136 777 1191 814 rex
1217 763 1289 815 tuus
1313 759 1395 816 venit

195 847 313 898 sanctus
327 847 357 897 et
371 840 499 896 salvator
513 837 625 894 mundi.

252 917 493 978 Postcommnnio.

200 998 201 1002 ’
253 1003 356 1078 Hujus
376 1021 437 1071 nos,
461 999 596 1070 Domine,
619 1018 795 1075 quaesumus,
816 999 992 1056 sacramenti
1012 1018 1126 1074 semper
1149 999 1267 1056 novitas
1291 1001 1396 1058 natalis

193 1083 356 1160 instauret:
377 1083 422 1157 cuj
428 1101 460 1137 us
473 1080 614 1136 nativitas
629 1079 786 1156 singularis
799 1079 959 1137 humanam
973 1081 1083 1155 repulit
1099 1086 1283 1138 vetustatem.

201 1167 205 1179 '
254 1164 326 1220 Alio
339 1163 391 1220 snb
405 1182 469 1218 aeno
482 1160 668 1218 conclusione.

255 1245 385 1314 satiasti,
402 1243 536 1312 Domine,
551 1241 692 1298 familiam
713 1246 797 1297 tuam
817 1241 990 1298 muneribus
1008 1243 1116 1299 sacris:
1138 1243 1200 1317 ejus
1220 1262 1395 1318 quaesumus,

192 1341 307 1401 semper
333 1323 552 1380 interventione
579 1341 632 1379 nos
659 1321 766 1393 refove,
794 1322 878 1396 cujus
906 1322 1060 1379 sollemnia
1087 1322 1275 1380 celebramus,
1341 1323 1398 1380 Per

193 1405 362 1462 Dominum.

343 1552 384 1608 In
404 1568 459 1607 nm
480 1550 684 1608 Navrvmnns
707 1549 835 1606 Donnm.
878 1550 932 1606 An
955 1566 1088 1607 nnouan
1108 1551 1245 1610 Mrssau,

255 1681 360 1763 [Prias
375 1682 551 1757 processione
563 1680 659 1755 facte,
681 1689 715 1736 nt
736 1681 770 1736 in
790 1680 1000 1738 Processionoli
1021 1683 1191 1753 continetur,
1211 1684 1345 1740 omnibns
1365 1686 1399 1740 in

195 1763 287 1838 Cepis
300 1764 397 1820 sericis
410 1763 524 1819 indetis
537 1762 571 1817 in
586 1760 686 1833 Oboro,
701 1761 866 1818 Proecentor
879 1762 1003 1837 incipiat
1019 1763 1268 1837 Officium—MS.
1285 1761 1338 1842 D]

256 1845 395 1919 Officium.

256 1926 335 1982 Puer
349 1931 437 1981 natus
451 1930 496 1980 est
508 1923 601 1993 nobie,
614 1929 645 1979 et
658 1920 752 1978 Filius
766 1922 853 1979 datus
868 1929 913 1980 est
925 1924 1026 1980 nobis:
1042 1925 1126 1999 cujus
1139 1925 1298 2000 imperium
1312 1946 1400 2002 super

195 2005 349 2063 humerum
365 2006 435 2081 ejus,
452 2013 482 2061 et
496 2005 650 2062 vocabitur
663 2023 771 2060 nomen
785 2004 848 2079 ejus
864 2005 963 2080 magni
977 2005 1092 2061 consilii
1105 2006 1232 2082 angelus

256 2088 398 2144 Psoimns.

255 2170 381 2227 (laniate
395 2167 525 2224 Domino
539 2166 688 2223 canticum
701 2184 813 2221 novum
826 2186 832 2222 ε
854 2165 924 2241 quia
936 2166 1084 2223 mirabilia
1096 2167 1173 2224 iecit.

257 2247 414 2330 [Conditor
428 2248 524 2322 Kyrie
539 2268 604 2304 cnm
628 2247 759 2304 Versibus
777 2255 908 2303 cantetur
922 2256 947 2303 et
961 2267 980 2303 n
995 2246 1110 2304 Rectene
1126 2246 1213 2306 Obori
1226 2249 1398 2324 incipiatur.

197 2332 298 2389 Gloria
318 2333 349 2387 in
364 2330 494 2400 excelsis,
510 2329 644 2400 Sanctus,
660 2336 686 2384 et
705 2327 812 2403 Agnus
833 2348 898 2384 enm
912 2327 1005 2384 Proser
1026 2348 1046 2384 o
1067 2327 1158 2386 Oleoro
1179 2339 1334 2388 cantentur
1342 2352 1355 2400 ;
1377 2342 1403 2388 et

196 2413 236 2469 sie
250 2416 304 2486 fiet
318 2413 352 2468 in
369 2411 503 2468 omnibns
517 2409 609 2466 Festis
625 2408 846 2482 principalibus.
890 2406 1015 2465 Interim
1034 2409 1181 2466 Proelotns
1200 2411 1245 2467 nei
1263 2396 1403 2469 Decanies

195 2494 252 2549 sive
273 2513 351 2549 arans
371 2493 405 2548 de
426 2490 586 2564 majoribus
605 2489 798 2562 diqnitotibns
811 2509 877 2545 cnm
890 2489 953 2545 sais
966 2490 1116 2546 Ministris
1135 2500 1213 2547 enecet
1231 2492 1273 2548 od
1288 2491 1400 2550 Altore.

194 2573 235 2629 Et
260 2572 387 2646 peractis
414 2571 548 2628 omnibns
574 2570 689 2640 ibidem,
719 2589 783 2643 qiree
808 2570 977 2644 peragendo
1004 2580 1082 2642 suaet,
1110 2571 1235 2646 incipiat
1262 2570 1404 2632 Sacerdos

195 2651 468 2710 orationem—MS.
486 2647 538 2728 D.]

257 2733 365 2792 Oratio.

256 2814 395 2886 Concede,
421 2831 596 2888 quaesumus,
617 2810 801 2886 omnipotens
823 2811 914 2883 Deua,
938 2819 973 2869 ut
995 2832 1049 2869 nos
1072 2813 1231 2889 Unigeniti
1253 2815 1301 2872 tui
1324 2835 1403 2873 nova

194 2915 247 2970 per
273 2914 390 2952 carnem
412 2893 553 2950 nativitas
576 2892 699 2949 liberet:
728 2911 801 2967 quos
823 2894 878 2948 sub
900 2894 1012 2968 peccati
1034 2894 1107 2970 jugo
1130 2901 1249 2952 vetusta
1272 2897 1403 2955 servitus

193 2982 282 3032 tenet.
327 2975 387 3044 Qui
400 2982 498 3031 tecum
512 2972 589 3029 vivit
603 2979 633 3028 et
646 2979 750 3048 regnat
762 2973 796 3029 in
809 2974 933 3030 unitate.

255 3070 380 3152 [Deinde
407 3072 519 3145 beetur
546 3069 581 3126 ob
608 3090 668 3126 nno
692 3071 727 3126 de
754 3069 915 3145 majoribus
941 3070 976 3126 in
999 3070 1206 3146 Superpelliceo
1230 3074 1402 3132 adnutum

196 3152 370 3211 Cancellorii
384 3154 418 3209 in
426 3151 543 3226 pulpito
559 3150 654 3208 lectio
669 3171 734 3207 enm
747 3172 800 3207 sno
815 3151 1016 3208 titulo—MS.
1034 3149 1086 3232 D.]
1139 3175 1142 3179 ·

255 3234 353 3292 Lectio
366 3234 465 3290 Esaiae
479 3231 628 3307 Prophetae
641 3230 700 3307 (lii.
719 3231 816 3308 6-10.)

254 3317 329 3373 Haec
343 3316 414 3372 dicit
429 3307 594 3370 Dominus:
616 3313 743 3388 Propter
757 3312 811 3368 hoc
826 3312 897 3369 sciet
917 3333 1008 3387 iisqne
1022 3315 1063 3370 ad
1080 3313 1208 3372 salutare
1222 3315 1282 3374 Dei
1296 3320 1400 3375 nostri.

257 3395 408 3477 [Sequitur
421 3396 526 3452 ibidem
540 3393 790 3468 Epistola—MS.
808 3391 861 3473 D]

255 3479 304 3535 Ad
318 3479 452 3535 Hebraeos
468 3475 504 3552 (i.
524 3474 616 3552 1-12)

255 3559 390 3617 Fratres:
414 3557 578 3614 Multiiarie
592 3555 753 3631 multisque
766 3554 860 3611 modis
873 3575 964 3628 iisqne
978 3557 1019 3613 od
1032 3557 1104 3612 anni
1118 3558 1163 3614 tui
1177 3577 1239 3615 non
1253 3558 1401 3618 deficient.

256 3654 372 3736 [Postea
401 3665 456 3712 tres
485 3653 593 3712 Vicorii
620 3653 661 3708 od
687 3661 795 3709 nntnm
818 3649 999 3709 Succentoris
1018 3653 1053 3709 in
1072 3653 1163 3729 Cepis
1183 3655 1281 3714 sericis
1301 3657 1403 3714 dmarit

198 3736 324 3794 Gradole
337 3738 371 3794 in
379 3732 612 3812 petorita—MS.
630 3730 682 3813 D.]

210 3882 212 3887 Ι
257 3817 390 3874 Grodole.

256 3897 407 3954 Viderunt
434 3916 536 3954 omnes
562 3895 635 3952 fines
663 3900 749 3951 terrae
780 3894 909 3952 salutare
939 3894 999 3953 Dei
1026 3896 1141 3954 nostri:
1172 3897 1302 3973 jubilate
1337 3899 1403 3957 Deo

196 3979 290 4035 omnis
304 3983 389 4034 terra.

202 4061 230 4136 ls.
254 4059 368 4116 Notum
390 4058 461 4115 fecit
488 4057 634 4115 Dominus
662 4055 790 4113 salutare
817 4076 921 4114 suum:
952 4063 1023 4115 ante
1049 4064 1239 4135 conspectum
1266 4061 1403 4137 gentium

195 4138 337 4197 revelavit
347 4139 497 4214 justitiam
512 4158 602 4195 suam.
1201 4133 1204 4138 ’

257 4233 429 4316 [Repetotnr
452 4233 579 4291 Grodnle
602 4242 668 4310 post
697 4235 821 4292 Versum.
865 4234 980 4293 Deinde
1003 4256 1023 4293 o
1050 4238 1137 4295 tnrbo
1162 4239 1323 4296 secandam
1345 4240 1404 4298 dis-

191 4317 364 4392 positionem
378 4315 566 4372 Praecmtoris
579 4315 827 4373 cantetur—MS,
843 4313 895 4395 D.]

255 4397 403 4472 Alleluya.
453 4396 481 4454 V.
505 4396 577 4452 Dies
604 4397 802 4454 sanctificatus
829 4397 932 4453 illuxit
958 4397 1060 4456 nobis:
1092 4399 1201 4471 venite,
1229 4408 1340 4476 gentes,
1371 4411 1403 4461 et

196 4480 315 4538 adorate
328 4477 501 4550 Dominum,
517 4476 586 4553 quia
598 4476 685 4535 hodie
699 4477 849 4536 descendit
862 4477 916 4536 lux
930 4497 1036 4556 magna
1049 4499 1137 4557 super
1151 4487 1268 4540 terram.
