2926 4996
356 375 538 441 Domiaieu
552 377 592 441 ii.
605 384 681 462 post
700 378 764 442 Oct.
785 377 1005 464 Epiphaniae.

145 543 289 602 Paalmoa

141 625 164 682 J
165 624 276 682 ubilate
289 625 364 697 Deo,
379 624 474 682 omnis
487 631 587 682 terra:
605 625 751 702 psalmum
765 625 853 684 dicite
866 625 982 683 nomini
994 626 1063 702 ejus,
1080 626 1147 684 date
1160 626 1284 703 gloriam

81 705 165 762 laudi
179 706 250 781 ejus.

145 799 255 858 Oratio.

143 881 338 957 Omnipotens
352 880 528 956 sempiterne
539 880 629 947 Deua,
642 881 693 956 qui
704 880 830 937 caelestia
839 881 927 937 simul
941 886 972 938 et
984 886 1101 938 terrena
1111 881 1269 938 moderaris
1276 901 1285 952 3

81 961 309 1038 supplicationes
329 960 431 1037 populi
450 962 497 1018 tui
517 962 676 1018 clementer
692 961 808 1034 exaudi,
824 968 854 1019 et
874 981 976 1038 pacem
995 967 1079 1018 tuam
1096 963 1206 1019 nostris
1220 982 1285 1019 oon-

81 1043 152 1100 cedo
166 1042 354 1118 temporibus.
397 1041 456 1098 Per
469 1042 639 1098 Dominum.

144 1135 193 1193 Aa
207 1133 354 1193 Romanos
367 1134 435 1210 (acii.
453 1135 547 1211 6-16).

48 1270 52 1276 .
143 1217 280 1274 Fratres:
302 1215 456 1272 Habentes
470 1215 641 1273 donationes
655 1215 815 1273 secundum
829 1217 955 1293 gratiam
968 1219 1112 1292 usquead
1125 1218 1175 1275 sed
1188 1216 1285 1273 humi·

82 1297 161 1358 libus
175 1296 398 1354 consentientes.

145 1389 279 1446 Gradoba.

144 1469 231 1527 Misit
252 1469 399 1527 Dominus
412 1469 546 1527 Verbum
564 1490 659 1540 suum,
674 1476 704 1528 et
717 1471 833 1527 sanavit
847 1490 915 1529 eos:
937 1477 968 1528 et
988 1472 1096 1548 eripuit
1111 1491 1165 1534 ‚eos
1185 1471 1221 1528 de
1241 1470 1284 1527 in-

80 1551 176 1608 teritu
194 1570 303 1608 eorum.
354 1551 381 1608 V.
406 1551 612 1608 Oonfiteantur
629 1551 758 1608 Domino
776 1551 979 1608 misericordiae
1001 1553 1063 1628 ejus
1085 1558 1114 1609 et
1139 1551 1286 1608 mirabilia

81 1634 145 1708 ejus
159 1632 229 1688 filiis
242 1631 404 1688 hominum.

142 1712 292 1788 Alleluya.
355 1712 383 1770 V.
407 1712 539 1769 Lauda-te
563 1713 670 1784 Deum,
699 1733 798 1770 ornnes
826 1713 922 1790 angeli
951 1714 1031 1789 ejus:
1067 1712 1185 1771 laudate
1206 1733 1283 1784 eum,

80 1813 183 1850 omnes
197 1793 324 1850 virtutes
338 1793 407 1868 ejus.
567 1806 570 1813 ⁴

142 1886 311 1944 ,S'ecuadum
324 1884 350 1940 J
349 1886 490 1944 cleonaeua
504 1885 552 1962 (ii.
572 1886 668 1963 l-ll)

141 1968 182 2024 In
203 1967 256 2024 illo
275 1973 414 2043 tempore,
431 1967 553 2043 Nuptiae
570 1968 655 2024 faetae
670 1973 739 2025 sunt
762 1967 795 2024 iu
814 1966 898 2025 Oana
915 1967 1065 2025 Galilaeae:
1085 1987 1173 2043 usque
1194 1969 1234 2025 ad
1255 1972 1284 2025 et

80 2048 271 2106 crediderunt
292 2049 325 2104 in
339 2067 407 2105 cum
420 2047 555 2124 discipuli
570 2048 639 2123 ejus.

141 2141 361 2293 giiiiildtrenllio,
376 2221 514 2279 universa
527 2227 620 2278 terra:
642 2221 771 2297 jubilate
785 2222 858 2294 Deo,
872 2223 1009 2279 universa
1021 2228 1119 2293 terra;
1139 2220 1284 2297 psalmum

78 2304 171 2360 dicite
184 2301 300 2359 nomini
314 2303 394 2376 ej·us;
415 2303 522 2374 venite,
536 2310 566 2360 et
580 2303 688 2375 audite,
700 2308 730 2359 et
744 2303 869 2359 narrabo
883 2303 975 2374 vobis,
988 2322 1087 2361 omnes
1101 2303 1153 2379 qui
1173 2301 1284 2357 timetis

79 2385 191 2456 Deum,
207 2388 319 2459 quanta
328 2383 398 2439 fecit
411 2383 558 2439 Dominus
571 2383 676 2440 animae
690 2402 769 2440 meae.
812 2383 960 2458 Alleluya.

141 2476 264 2534 Secreta.
308 2475 424 2546 Oblata,
449 2475 585 2547 Domine,
607 2495 729 2533 munera
746 2476 902 2548 sanctifica,
927 2495 1038 2551 nosque
1060 2497 1077 2534 a
1097 2480 1284 2552 peccatorum

79 2564 248 2615 nostrorum
264 2555 387 2613 maculis
400 2556 534 2614 emunda.
578 2557 636 2614 Per
650 2557 820 2614 Dominum.

141 2637 293 2713 Praefatio.
338 2636 415 2706 Quia
428 2656 481 2713 per
493 2637 647 2697 incarnati.

144 2730 327 2788 Communia.

142 2811 227 2869 Dicit
241 2811 409 2883 Dominus,
429 2810 557 2886 Implete
579 2811 698 2888 hydrias
721 2832 806 2888 aqua,
825 2818 856 2869 ct
878 2812 953 2870 ferte
974 2811 1172 2870 architriclino
1183 2831 1192 2882 ;
1213 2811 1285 2868 dum

78 2899 228 2969 gustasset
252 2892 469 2949 architriclinus
493 2912 601 2968 aquam
624 2893 729 2949 vinum
753 2893 874 2965 factum,
899 2893 971 2950 dicit
993 2912 1119 2969 sponso:
1155 2891 1285 2950 Servasti

79 2975 187 3030 vinum
203 2975 314 3030 bonum
328 2992 422 3048 usque
432 2973 534 3031 adhuc.
578 2973 646 3030 Hoc
660 2975 778 3050 signum
791 2974 861 3031 fecit
874 2974 896 3032 J
897 2993 963 3031 esus
976 2975 1104 3051 primum
1118 2993 1216 3030 coram
1229 2973 1284 3030 dis-

79 3055 189 3131 cipulis
208 3054 275 3111 suis.

140 3146 383 3204 Poatcomaauaia

140 3229 298 3304 Augeatur
320 3227 354 3282 in
375 3226 467 3298 nobis,
490 3225 626 3298 Domine,
649 3247 824 3302 quaesumus,
847 3234 906 3284 tuae
926 3226 1048 3285 virtutis
1068 3227 1219 3304 operatio:
1247 3232 1283 3283 ut

74 3308 191 3366 divinis
210 3307 340 3384 vegetati
367 3308 565 3380 sacramentis,
587 3309 625 3364 ad
645 3328 746 3365 eorum
767 3309 911 3386 promissa
931 3309 1071 3385 capienda
1090 3317 1142 3365 tuo
1161 3327 1281 3365 munere

76 3407 285 3466 praeparemur.
330 3387 389 3444 Per
403 3388 573 3446 Dominum.
1107 3421 1109 3425 ι

555 3589 653 3646 Fnam
675 3590 810 3659 Qunam.

140 3736 190 3793 Ad
205 3734 384 3794 Coloaaeusea.
429 3733 542 3815 [aptes.
559 3737 602 3793 iii.
621 3738 656 3808 23
680 3736 819 3795 Colossi
837 3735 949 3817 26-28]

140 3829 278 3886 Fratres:
300 3828 437 3885 Audistis
451 3829 698 3904 dispensationem
713 3831 778 3902 Dei,
794 3850 859 3906 quae
873 3831 943 3888 data
957 3835 1001 3888 est
1014 3831 1088 3887 mihi
1101 3831 1133 3887 in
1144 3831 1237 3904 vobis,
1246 3838 1281 3889 ut

76 3909 217 3986 impleam
232 3904 355 3966 verbum
367 3908 424 3966 Dei
434 3929 442 3980 ;
466 3910 648 3984 mysterium,
669 3911 747 3987 quod
768 3911 971 3969 absconditum
992 3911 1059 3983 fuit,
1082 3912 1231 3970 asseculis
1252 3921 1282 3970 et

74 3990 339 4068 generationibus5
361 4009 442 4047 nunc
459 3996 558 4048 autem
574 3992 795 4049 manifestatum
815 4000 859 4051 est
879 3993 988 4050 sanctis
1009 3992 1080 4068 ejus,
1095 3993 1202 4068 quibus
1220 3993 1280 4050 Do-

76 4072 179 4128 minus
195 4071 292 4128 voluit
311 4075 397 4128 notas
416 4070 510 4129 facere
526 4071 646 4130 divitias
662 4072 761 4148 gloriae
780 4073 955 4130 sacramenti
975 4073 1064 4149 hujus
1080 4073 1112 4130 in
1125 4074 1281 4151 gentibus,

78 4153 161 4229 quod
180 4157 226 4209 est
246 4149 383 4210 Christus
402 4150 436 4208 in
448 4151 532 4210 vobis
554 4171 619 4230 spes
640 4153 751 4230 gloriae,
766 4173 854 4229 quem
872 4173 925 4211 nos
943 4155 1175 4227 annuntiamus;
1195 4156 1281 4212 corri-

77 4234 196 4310 pientes
216 4237 249 4290 et
267 4231 406 4291 docentes
426 4251 545 4299 omnem
559 4232 592 4293 h<
631 4232 711 4292 inem
728 4234 760 4292 in
783 4257 788 4289 ι
840 4235 1028 4311 iisapientia,
1042 4251 1077 4293 ut
1093 4237 1282 4294 exhibeamus

74 4332 199 4371 omnem
211 4310 592 4391 hominunm
740 4314 756 4367 ¹1
818 4316 948 4375 Domino
961 4322 1070 4374 nostro.

139 4403 296 4465 &aare

139 4496 296 4559 Iuillota
948 4501 1058 4562 multae.

10 4619 296 4948 u
