2926 4996
148 379 190 442 68
453 375 673 442 Hebdomada
687 376 743 442 iit.
763 376 1042 464 Quadrupestmoe.

622 592 722 650 Fraus
745 593 871 652 Tnarm

209 673 348 749 Officium.

206 755 269 832 Ego
283 752 416 826 clamavi,
431 753 572 830 quoniam
590 754 739 813 exaudisti
751 774 808 828 me,
823 757 924 828 Deus,
955 756 1065 814 1101111
1088 776 1190 817 aurem
1213 764 1305 831 tuam,
1319 767 1348 818 et

144 837 253 894 exaudi
266 837 357 893 verba
369 854 454 893 mea:
478 835 593 893 custodi
607 854 663 909 me,
678 836 815 910 Domine,
830 843 865 895 ut
878 837 1023 914 pupillam
1041 837 1136 897 oculi:
1165 840 1223 899 sub
1244 841 1347 901 umbra

144 919 258 975 alarum
271 922 390 974 tuarum
404 921 524 993 protege
538 934 593 974 me.

203 999 350 1056 Facimus.

203 1072 330 1152 Exaudi,
347 1077 484 1150 Domine,
495 1077 646 1153 justitiam
659 1097 772 1136 meam:
793 1078 915 1137 intende
929 1078 1164 1158 deprecationem
1176 1101 1283 1141 meam

204 1160 313 1218 Oratio.

203 1240 322 1298 Exaudi
335 1258 397 1313 nos,
412 1239 598 1315 omnipotens
612 1246 643 1298 et
656 1239 820 1297 misericors
834 1242 917 1309 Deus
925 1261 934 1314 3
955 1247 986 1300 et
999 1240 1190 1301 continentiae
1209 1243 1344 1302 salutaris

141 1322 286 1399 propitius
300 1322 384 1378 nobis
398 1320 476 1377 dona
488 1320 620 1378 concede.
663 1321 723 1378 Per
737 1321 910 1380 Dominum.

201 1403 297 1461 Lectio
311 1403 379 1460 libet
392 1402 504 1476 Rapum
525 1401 562 1477 (4
583 1401 620 1458 e'o.
639 1402 711 1478 1-7).
1359 1453 1363 1462 .

202 1485 241 1541 In
265 1484 369 1541 diebus
392 1483 460 1551 illis,
486 1481 599 1540 Mulier
622 1482 757 1558 quaedam
780 1504 871 1558 osque
893 1484 934 1541 od
956 1484 1053 1542 vende
1071 1484 1179 1558 oleum,
1204 1492 1236 1545 et
1259 1487 1343 1545 redde

140 1565 279 1623 creditori
292 1571 362 1622 tuo:
383 1569 418 1621 tu
431 1569 531 1621 autem
545 1569 575 1620 et
589 1563 644 1620 filii
657 1564 712 1635 tui,
729 1563 822 1622 vivite
836 1565 872 1622 de
886 1564 1007 1641 reliquo.

202 1645 334 1704 Grodobe.

199 1729 251 1785 Ab
265 1725 386 1785 occultis
400 1726 472 1782 meis
485 1725 597 1783 munda
610 1745 666 1797 me,
682 1725 828 1784 Domine:
849 1731 880 1783 et
892 1725 930 1784 ab
944 1726 1048 1785 alienis
1060 1747 1147 1804 parce
1160 1747 1248 1786 servo
1262 1734 1321 1789 tuo.

145 1808 173 1865 V.
201 1809 305 1866 simei
322 1827 382 1864 non
403 1805 515 1864 fuerint
535 1806 697 1865 dominati:
726 1813 798 1864 tunc
819 1808 1024 1865 immaculatus
1044 1828 1102 1881 ero,
1118 1814 1149 1867 et
1162 1811 1344 1869 emundabor

138 1909 156 1947 a
169 1889 275 1946 delicto
289 1888 427 1945 maximo,

198 1970 365 2028 Secundum
378 1968 554 2025 Mottbaeum
567 1966 664 2045 (atati.
684 1969 797 2047 15-22).

197 2051 236 2107 In
257 2050 309 2108 1110
326 2058 466 2126 tempore,
488 2049 659 2125 Respiciens
680 2050 702 2107 J
704 2070 769 2107 esus
793 2051 825 2106 in
847 2049 1005 2128 discipulos
1027 2070 1104 2122 suos,
1125 2050 1208 2111 dixit
1230 2052 1341 2111 Simoni

119 2132 249 2209 Petro:
280 2132 312 2188 Si
333 2131 497 2207 peccaverit
518 2131 550 2187 in
572 2136 603 2187 te
624 2131 717 2187 frater
738 2139 809 2189 tuus
830 2152 920 2206 eosque
941 2133 983 2189 od
1004 2131 1075 2190 Non
1093 2131 1158 2190 dico
1176 2133 1236 2193 tibi
1252 2154 1341 2211 usque

136 2215 250 2291 septies,
265 2213 316 2269 sed
329 2231 422 2288 usque
437 2211 633 2288 septuagesies
647 2212 761 2288 septies.

198 2294 392 2368 Offirtoro‘oom.

196 2377 329 2433 Dextera
342 2373 466 2432 Domini
479 2373 550 2431 fecit
563 2373 727 2431 virtutem:
750 2373 873 2432 dextera
888 2373 1011 2435 Domini
1024 2373 1172 2433 excitavit
1186 2395 1234 2434 me
1248 2397 1255 2435 :
1283 2396 1340 2435 non

135 2457 253 2529 moriar,
268 2457 319 2513 sed
333 2456 432 2512 vivam
446 2475 452 2512 ι
474 2461 505 2512 01
518 2455 644 2512 narrabo
658 2474 746 2531 opera
760 2455 890 2512 Domini

196 2537 316 2595 Semta.

166 2650 167 2653 =
196 2618 255 2675 Per
268 2619 330 2675 haec
343 2617 454 2689 veniat,
469 2636 646 2693 quaesumus,
660 2616 797 2689 Domine,
813 2622 994 2675 sacramenta
1006 2623 1115 2676 nostrae
1129 2617 1338 2696 redemptionis

135 2699 275 2757 effectus:
310 2699 361 2775 qui
384 2717 438 2754 nos
465 2703 495 2754 et
522 2698 559 2754 ab
586 2698 723 2754 humanis
747 2698 880 2755 retrahat
907 2717 1023 2775 semper
1046 2699 1225 2773 excessibus,
1251 2699 1338 2759 etad

134 2780 275 2838 salutaria
289 2785 395 2837 cuncta
408 2778 556 2855 perducat.
599 2777 659 2835 Per
672 2779 843 2836 Dominum

197 2860 375 2920 Coruncanio.

195 2943 331 3014 Domine,
355 2941 421 3017 quis
444 2939 592 2997 habitabit
612 2939 644 2996 in
668 2940 858 2998 tabernaculo
878 2944 940 3012 tuo,
962 2945 1015 3013 aut
1035 2941 1102 3018 quis
1121 2942 1287 3018 requiescet
1308 2942 1338 3000 in

134 3030 234 3081 monte
248 3029 348 3080 sancto
362 3024 436 3081 1101
459 3021 511 3098 qui
524 3021 690 3098 ingreditur
704 3021 766 3079 sine
780 3021 913 3094 macula,
937 3028 968 3079 et
983 3028 1122 3098 operatur
1137 3023 1297 3098 justitium.

195 3104 435 3162 Postoonemaoio.
1207 3153 1211 3159 .

196 3186 299 3258 Sacris,
314 3185 452 3257 Domine,
464 3183 613 3260 mysteriis
626 3183 747 3261 expiati,
761 3189 792 3242 et
801 3183 919 3240 veniam
933 3202 1145 3260 consequamur
1159 3189 1191 3242 et
1204 3185 1337 3262 gratiam.

135 3267 194 3324 Per
208 3267 377 3326 Dominum.

195 3348 289 3425 Super
309 3348 463 3424 Populum.

196 3431 260 3487 Tua
273 3450 334 3501 nos,
350 3430 486 3500 Domine,
500 3427 682 3504 protectione
696 3426 828 3499 defende,
843 3431 873 3484 01
887 3427 924 3484 ab
943 3425 1027 3487 omni
1045 3445 1160 3503 semper
1180 3426 1340 3506 iniquitate

136 3511 257 3570 custodi
299 3511 359 3568 Per
372 3511 544 3568 Dominum.

606 3699 707 3757 Fnam
728 3699 864 3769 Qualem„

168 3846 169 3850 ,
198 3784 336 3861 Officium.

195 3869 258 3944 Ego
279 3873 378 3924 autem
399 3865 432 3921 in
454 3863 584 3921 Domino
604 3861 736 3938 speravi:
765 3859 915 3946 exultabo,
931 3864 961 3917 et
973 3857 1101 3917 laetabor·
1110 3858 1144 3917 in
1156 3864 1210 3918 tua
1224 3861 1336 3920 miseri·

132 3949 238 4017 cordia,
254 3948 392 4024 quoniam
405 3944 561 4023 respexisti
574 3942 774 4000 humilitatem
787 3961 892 3999 meam.
1003 3969 1006 3975 ·

131 4190 173 4248 lib
192 4030 436 4182 idileizmgbmine,
452 4107 575 4186 speravi,
590 4125 651 4164 non
669 4104 831 4162 confundar
847 4103 881 4161 in
898 4108 1062 4163 aeternum:
1089 4100 1123 4166 in
1140 4101 1265 4179 justitia
1285 4110 1338 4163 tua

175 4210 224 4248 era
244 4211 299 4248 me.

191 4272 765 4427 12ζὲ1111011,11111111101110,
788 4353 824 4406 ut
845 4347 1022 4405 salutaribus
1039 4344 1164 4423 jejuniis
1185 4346 1337 4406 eruditio

129 4434 227 4493 noxiis
246 4453 365 4510 ,quoque
382 4433 465 4489 vitiis
483 4433 673 4505 abstinentes,
696 4429 937 4508 propitiationem
958 4435 1043 4487 tuam
1063 4426 1179 4492 facilius
1200 4427 1337 4507 impetra

138 4532 203 4575 nus.
246 4516 304 4574 Per
317 4513 489 4573 Dominum.
