2956 5002
176 354 239 414 214
529 410 539 416 ..
634 343 691 415 ca,
716 353 872 438 Corporis
896 353 1029 419 Christi.

367 520 373 532 ·
595 524 670 563 raa

237 521 476 658 glafireiiibiiiiiisit
494 601 576 657 Deus
591 564 690 670 Pater,
707 601 964 678 Unigenitusque‘
980 603 1038 659 Dei
1052 602 1158 674 Filius,
1174 602 1300 660 Sanctus
1315 623 1386 679 quo-

178 702 235 757 que
250 682 385 758 Spiritus,
402 682 472 756 quia
484 681 555 738 iecit
567 683 720 739 nobiscum
734 683 964 740 misericordiam
977 703 1070 741 suam.

238 762 405 914 giiiiifica
426 863 603 918 quaesumus,
625 816 707 901 Deus
726 849 836 915 noster,
855 844 987 903 Trinitas
1010 850 1121 918 sancta,
1140 865 1193 922 per
1216 845 1265 902 tui
1289 846 1388 904 sancti

181 925 308 981 nominis
331 925 550 982 invocationem
574 931 604 981 et
626 945 678 1000 per
697 925 857 1000 Unigeniti
876 927 924 982 tui
943 927 1095 999 virtutem,
1117 927 1207 1003 hujus
1227 925 1389 984 oblationis

179 1006 324 1062 hostiam:
346 1011 377 1062 et
394 1011 578 1081 cooperante
593 1005 707 1081 Spiritu
723 1005 839 1077 Sancto,
853 1026 907 1083 per
922 1027 987 1064 eam
1004 1008 1198 1084 nosmetipsos
1211 1008 1269 1064 tibi
1282 1007 1389 1084 perfice

183 1106 290 1143 munus
304 1092 455 1143 aeternum.
499 1086 559 1154 Qui
572 1087 606 1142 in
619 1087 767 1144 Trinitate
781 1087 910 1162 perfecta
923 1089 1003 1144 vivis
1017 1095 1047 1144 et
1060 1108 1174 1164 regnas.

244 1167 394 1242 Praefatio

245 1248 386 1316 Quicum
400 1247 573 1322 Unigenito.

246 1329 427 1386 Communia.

245 1410 450 1466 Benedicimus
464 1409 563 1465 Deum
581 1408 663 1465 caeli:
685 1415 715 1465 et
730 1428 827 1466 coram
841 1409 978 1466 omnibus
991 1411 1163 1468 viventibus
1183 1410 1393 1469 confitebimur

185 1491 212 1548 ei
225 1512 232 1548 z
253 1491 323 1566 quia
335 1490 406 1546 fecit
419 1490 572 1546 nobiscum
585 1489 816 1546 misericordiam
830 1510 923 1550 suam.

246 1571 487 1628 Poatcommaaaio.

246 1652 385 1708 Proficiat
405 1651 490 1708 nobis
510 1651 548 1708 ad
568 1652 695 1708 salutem
716 1652 845 1728 corporis
866 1658 897 1709 et
917 1652 1031 1724 animae,
1047 1653 1176 1711 Domine
1190 1653 1283 1725 Deus,
1302 1653 1400 1731 hujus

187 1733 362 1790 sacramenti
385 1732 539 1808 susceptio,
560 1739 590 1788 et
615 1732 801 1808 sempiternae
826 1739 934 1791 sanctae
955 1734 1113 1792 Trinitatis
1136 1735 1329 1811 ejusdemque
1350 1735 1397 1792 in-

187 1814 316 1870 dividuae
331 1813 468 1871 Unitatis
482 1813 631 1870 confessio.
675 1813 714 1869 In
728 1833 787 1889 qua
801 1814 881 1871 vivis
895 1821 925 1872 et
940 1834 1051 1890 regnas.

546 2021 586 2078 In
607 2021 705 2077 Fn'sro
728 2020 880 2077 Oosroms
902 2020 1040 2078 Oumsrr.

254 2136 394 2209 Officium.

178 2224 189 2293 t
250 2216 370 2273 Oibavit
383 2235 432 2273 eos
446 2236 484 2272 ex
497 2215 584 2290 adipe
597 2215 748 2288 frumenti,
764 2214 910 2289 alleluya:
930 2222 961 2271 et
977 2215 1014 2272 de
1033 2221 1118 2292 petra
1138 2215 1225 2272 melle
1247 2215 1397 2272 saturavit

175 2296 246 2368 laos,
260 2297 397 2372 alleluya,
414 2296 550 2371 alleluya,
566 2296 702 2371 alleluya.

176 2362 186 2449 l
250 2377 396 2435 Paalmua.
769 2427 771 2430 .

249 2459 408 2516 Exsultate
422 2458 486 2516 Deo
499 2458 631 2534 adjutori
644 2464 761 2515 nostro:
780 2457 909 2533 jubilate
924 2457 988 2515 Deo
1003 2457 1106 2517 Jacob.

254 2538 365 2599 Oratio.

254 2620 344 2692 Deus,
367 2620 419 2695 qui
439 2619 524 2676 nobis
545 2622 600 2676 sub
622 2626 802 2676 sacramento
829 2619 959 2677 mirabili
978 2621 1122 2696 passionis
1142 2625 1203 2676 tuae
1227 2619 1400 2676 memoriam

193 2702 359 2776 reliquisti;
386 2701 492 2772 tribue,
516 2719 692 2774 quaesumus,
719 2701 764 2756 ita
784 2720 838 2756 nos
862 2702 992 2776 corporis
1016 2706 1046 2758 et
1070 2701 1222 2776 sanguinis
1246 2701 1295 2757 tui
1318 2718 1401 2758 sacra
1443 2748 1448 2763 ,

192 2783 333 2857 mysteria
347 2782 490 2852 venerari,
505 2787 540 2837 ut
560 2782 770 2856 redemptionis
791 2788 851 2837 tuae
872 2781 1004 2838 fructum
1024 2783 1057 2838 in
1077 2783 1163 2839 nobis
1178 2782 1293 2858 jugiter
1311 2780 1402 2838 senti-

195 2882 287 2919 amus.
331 2862 391 2930 Qui
404 2863 483 2918 vivis
496 2868 527 2918 et
541 2881 654 2937 regnas.

255 2942 305 2999 Ad
320 2942 487 3001 Corinthios
500 2943 535 3019 (1
551 2943 590 2999 ati.
609 2942 724 3020 23-29).

256 3025 392 3081 Fratres:
416 3024 479 3099 Ego
500 3024 580 3080 enim
600 3024 698 3099 accepi
711 3044 729 3080 a
743 3023 873 3080 Domino
894 3021 973 3099 quod
990 3031 1021 3082 et
1033 3023 1145 3081 tradidi
1158 3024 1243 3080 vobis
1257 3043 1348 3099 usqua
1360 3022 1402 3079 acl

198 3106 257 3175 Qui
278 3106 358 3163 enim
378 3105 537 3161 manducat
557 3110 588 3161 et
607 3105 685 3160 bibit
706 3105 835 3180 indigne,
846 3105 996 3180 judicium
1016 3106 1074 3162 sibi
1087 3105 1247 3162 manducat
1261 3110 1292 3161 et
1305 3103 1400 3167 bibit:

197 3208 256 3245 non
271 3186 435 3263 dijudicans
450 3205 553 3261 corpus
568 3185 699 3241 Domini.

259 3267 392 3326 Gaudete.

172 3389 174 3394 ·
255 3349 343 3406 Oculi
363 3349 495 3404 omnium
516 3347 549 3403 in
564 3353 595 3404 te
609 3355 737 3423 sperant,
753 3347 899 3405 Domine:
921 3355 951 3404 et
965 3354 1000 3404 tu
1014 3348 1066 3405 das
1082 3348 1143 3404 illis
1163 3367 1258 3404 escam
1279 3347 1312 3404 in
1331 3352 1405 3404 tem-

197 3449 266 3506 pore
280 3435 454 3505 opportuno.

204 3512 231 3569 V.
257 3510 369 3586 Aperis
381 3515 417 3566 tu
430 3530 553 3566 manum
567 3516 668 3567 tuam:
689 3516 720 3567 et
733 3509 839 3585 imples
853 3529 940 3566 omne
953 3509 1064 3566 animal
1079 3509 1291 3568 benedictione.

257 3591 407 3666 Alleluya.
456 3591 485 3648 V.
510 3591 584 3647 Caro
605 3610 671 3647 mea
691 3611 760 3647 vere
780 3596 826 3646 est
846 3590 947 3647 cibus:
975 3597 1005 3648 et
1026 3591 1146 3668 sanguis
1165 3608 1248 3646 meus
1268 3608 1340 3648 vere
1360 3592 1406 3646 eat

198 3679 303 3749 potus:
330 3673 383 3747 qui
400 3671 560 3728 manducat
580 3691 676 3728 meam
697 3690 823 3741 carnem,
838 3677 869 3728 et
889 3671 966 3728 bibit
985 3691 1085 3728 meum
1105 3670 1289 3748 sanguinem,
1303 3671 1338 3727 in
1356 3686 1405 3726 ma

201 3759 309 3824 manet,
325 3759 355 3809 et
369 3772 422 3828 ego
435 3753 468 3808 in
482 3773 523 3810 e0.

261 3851 358 3908 Hodie
372 3852 491 3908 ituatur
504 3852 562 3908 icta
572 3851 729 3925 Sequentia
735 3874 748 3920 ,·
767 3850 865 3908 cetaria
874 3870 938 3908 aero
948 3851 1048 3910 diebus
1060 3849 1145 3927 iufra
1155 3849 1279 3908 Octacaa
1290 3849 1410 3908 dicatur

198 3954 253 4008 par
278 3943 334 3990 tres
357 3933 420 3990 dica
438 3932 662 4007 particulariter
686 3932 806 4000 cliviam
837 3931 966 3990 videlicet
983 3933 1083 4008 primo
1107 3931 1155 3989 die
1177 3929 1263 4007 infra
1286 3930 1408 3989 Octoeaaa

202 4015 306 4072 Lauda
320 4013 410 4086 Sion3
431 4015 553 4070 secundo
574 4013 620 4070 alic
642 4013 728 4081 Quod
746 4013 779 4069 in
799 4032 889 4085 cena3
911 4013 992 4070 tertio
1013 4013 1060 4070 dia
1074 4013 1204 4070 Sumunt
1217 4012 1309 4086 boni;
1329 4019 1356 4071 at
1368 4009 1412 4069 aia

205 4095 274 4154 aliis
287 4094 395 4166 dicbus,
411 4093 497 4168 infra
512 4094 641 4166 Octavus,
658 4095 777 4169 quando
791 4095 826 4151 da
841 4093 956 4151 Octavia
961 4097 1001 4169 fit
1015 4093 1172 4153 tortitiam.

569 4209 673 4266 Lauda
687 4207 759 4266 Sion
774 4208 964 4278 salvatorem,

610 4289 713 4346 Lauda
727 4290 831 4346 ducem
845 4296 876 4346 et
889 4296 1037 4365 pastorem

654 4369 693 4427 Iu
707 4370 826 4446 hymnis
840 4376 870 4427 et
883 4371 1024 4443 canticis3

632 4509 645 4532 '⁵
661 4508 705 4554 Ea.
717 4509 729 4552 1
741 4508 790 4553 and
799 4506 984 4566 3—nnicnsqne.
