2926 4996
471 326 586 395 Oratio
607 326 718 392 sancti
738 324 939 411 Augustini.

460 545 581 603 Oanr1o
603 544 714 603 Saucrr
735 544 940 604 Auamma*

156 669 224 727 Isto
248 669 342 727 oratio
366 669 466 726 devoto
490 675 530 724 eat
548 665 699 724 Sacerdoti
722 668 764 724 ad
790 667 946 724 dicendam
969 676 1037 725 cate
1056 667 1191 739 Missam,
1217 689 1307 743 quam

99 760 215 809 coactas
227 748 412 825 Augustiana
425 748 590 823 conposuit.

157 832 277 889 Summe
291 829 422 887 sacerdos
437 835 467 886 et
480 848 548 886 vere
562 827 707 905 pontifex,
722 829 775 904 qui
792 833 823 885 te
837 827 973 886 obtulisti
993 828 1057 886 Deo
1071 829 1156 887 Patri
1176 830 1304 888 hostiam

99 913 204 983 vivam,
220 931 332 988 puram,
348 915 379 967 et
400 908 619 966 immaculatam
633 909 666 965 in
680 928 730 965 ara
744 909 838 966 crucis
851 929 904 985 pro
918 909 1004 966 nobis
1017 910 1131 967 miseris
1144 911 1302 987 peccatori-

99 994 169 1066 bus,
191 992 300 1068 quique
320 991 428 1048 dedisti
447 990 533 1047 nobis
553 1009 668 1046 earnem
684 996 768 1047 tuam
782 989 819 1046 ad
832 990 1070 1048 manducandum
1084 997 1115 1048 et
1128 992 1302 1068 sanguinem

99 1080 182 1130 tuum
196 1072 406 1130 adhibendum
417 1091 426 1144 3
453 1077 483 1128 et
503 1070 629 1147 posuisti
648 1070 729 1128 istud
743 1070 917 1145 mysterium
930 1072 962 1127 in
975 1072 1088 1129 virtute
1101 1073 1149 1129 tui
1163 1072 1300 1149 Spiritus,

99 1155 204 1227 dicens,
221 1154 296 1210 Haec
310 1153 542 1229 quotiescunque
556 1150 684 1208 feceritis
702 1153 734 1207 in
747 1152 806 1208 mei
820 1151 991 1208 memoriam
1008 1153 1121 1210 facietis
1132 1173 1141 1226 ;
1164 1173 1234 1229 rogo
1248 1174 1302 1231 per
1396 1173 1402 1181 ·

99 1235 267 1312 sanguinem
279 1239 366 1290 tuum
376 1233 546 1309 pretiosum,
556 1251 697 1307 magnum
708 1232 811 1289 salutis
819 1237 927 1289 nostrae
937 1233 1073 1308 pretium,
1084 1254 1154 1310 rogo
1162 1254 1215 1311 per
1224 1235 1301 1293 hanc

99 1317 202 1372 miram
211 1321 241 1372 et
249 1314 429 1376 ineffabilem
438 1313 589 1371 caritatem
599 1331 658 1389 qua
667 1332 719 1369 nos
728 1313 849 1370 miseros
857 1312 993 1390 indignos
1004 1314 1044 1371 sic
1054 1330 1152 1372 amare
1162 1316 1301 1392 dignatus

99 1417 132 1466 es,
141 1403 177 1453 ut
187 1396 301 1453 lavares
308 1414 362 1452 nos
373 1415 390 1451 a
400 1394 526 1471 peccatis
536 1393 645 1450 nostris
653 1394 685 1450 in
694 1394 836 1469 sanguine
846 1399 907 1451 tuo.
937 1395 1018 1452 Doce
1028 1415 1076 1452 me
1084 1415 1200 1453 servum
1212 1403 1298 1454 tuum

99 1477 258 1554 indignum,
272 1496 358 1552 quem
368 1477 458 1533 etiam
471 1475 550 1532 inter
563 1479 659 1532 cetera
669 1475 746 1531 dona
759 1481 812 1532 tua
826 1475 915 1532 etiam
929 1475 966 1532 ad
981 1476 1107 1533 officium
1121 1477 1300 1535 sacerdotale

99 1578 198 1616 vocare
213 1558 351 1633 dignatus
365 1576 404 1630 es,
419 1556 510 1614 nullis
523 1555 595 1612 meis
615 1554 729 1612 meritis
746 1555 797 1612 sed
817 1554 879 1612 sola
891 1556 1079 1615 miseratione
1092 1558 1298 1616 misericordiae

99 1647 152 1696 tuae
163 1659 172 1711 ;
203 1638 274 1695 doce
296 1658 352 1710 me,
378 1657 483 1714 quaeso,
508 1656 561 1713 per
584 1635 728 1712 Spiritum
754 1635 894 1693 Sanctum
918 1643 1005 1694 tuum
1028 1643 1147 1695 tantum
1170 1645 1298 1697 tractare

99 1720 267 1795 mysterium
282 1738 315 1776 ea
328 1718 494 1776 reverentia
508 1723 538 1774 et
549 1717 713 1787 devotione,
725 1736 758 1774 eo
771 1717 877 1774 timore
890 1723 921 1775 et
931 1718 1051 1789 honore,
1062 1720 1169 1795 quibus
1183 1726 1298 1798 oportet

99 1807 122 1858 et
146 1801 238 1858 decet.
282 1799 341 1856 Fac
363 1819 411 1856 me
432 1819 485 1875 per
506 1798 632 1875 gratiam
654 1803 738 1854 tuam
759 1818 873 1874 semper
894 1799 969 1855 illud
991 1799 1134 1857 detento
1155 1802 1297 1877 mysterio

99 1882 210 1938 :redere
225 1886 255 1937 et
275 1880 449 1956 intelligere,
464 1879 573 1937 sentire
593 1879 717 1936 firmiter
731 1883 761 1935 et
781 1884 890 1950 tenere,
906 1879 1002 1937 dicere
1016 1885 1047 1937 et
1066 1881 1202 1957 cogitare,
1218 1883 1297 1959 quod

99 1963 149 2019 tibi
172 1962 288 2038 placeat
302 1967 333 2018 et
347 1960 467 2037 expedit
481 1960 586 2017 animae
600 1979 680 2016 meae.
723 1958 824 2017 Intret
846 1960 974 2037 Spiritus
995 1967 1066 2018 tuus
1087 1962 1182 2019 bonus
1203 1963 1236 2020 in
1249 1983 1300 2021 000

99 2063 199 2112 neum,
211 2043 264 2118 qui
277 2048 362 2099 sonet
374 2042 418 2098 ibi
431 2042 494 2099 sine
507 2060 586 2112 sono,
599 2047 630 2098 et
643 2041 707 2098 sine
720 2041 847 2116 strepitu
860 2041 1017 2098 verborum
1030 2042 1170 2118 loquatur
1179 2063 1296 2102 omnem

99 2125 247 2181 reritatem
261 2129 415 2180 tantorum
428 2122 656 2197 mysteriorum,
683 2121 830 2197 profunda
843 2121 951 2197 quippe
964 2127 1035 2179 sunt
1056 2123 1144 2180 nimis
1162 2129 1193 2181 et
1214 2144 1296 2183 sacro

99 2211 170 2262 zecta
183 2203 336 2262 velamine.
380 2203 506 2279 Propter
527 2222 664 2279 magnam
677 2202 864 2259 clementiam
885 2209 969 2259 tuam
986 2203 1110 2260 concede
1127 2205 1202 2261 mihi
1224 2205 1296 2262 Mis-

99 2305 191 2342 arum
205 2285 347 2342 solemnia
360 2304 435 2360 puro
446 2285 531 2341 corde
545 2289 575 2341 et
589 2283 699 2341 munda
710 2289 808 2340 mente
821 2282 974 2340 celebrare.
1010 2283 1119 2341 Libera
1132 2304 1295 2344 cormeum

99 2368 126 2424 ib
151 2366 313 2422 immundis
338 2371 368 2422 et
391 2365 534 2436 nefandis,
559 2366 642 2421 vanis
667 2370 697 2420 et
720 2364 818 2420 noxiis
840 2364 1072 2439 cogitationibus.
1130 2365 1220 2423 Muni
1246 2387 1294 2424 me

99 2453 245 2504 >catorum
269 2447 441 2522 angelorum
464 2446 514 2523 pia
537 2451 567 2502 et
590 2445 649 2502 fida
675 2444 807 2501 custodia
830 2450 919 2520 atque
941 2445 1101 2503 fortissima
1120 2448 1215 2504 tutela
1222 2466 1230 2519 ;
1260 2454 1296 2505 ut

99 2534 189 2585 rostes
209 2528 354 2585 bonorum
368 2527 501 2583 omnium
519 2526 633 2583 confusi
651 2525 802 2583 discedant
818 2545 871 2601 per
884 2526 1027 2582 virtutem
1044 2527 1124 2584 tanti
1137 2529 1294 2604 ‘mysterii3

99 2616 119 2666 it
142 2628 196 2685 per
216 2628 338 2664 manum
361 2609 456 2664 sancti
475 2607 571 2683 angeli
593 2608 639 2663 tui
661 2607 768 2683 repelle
793 2625 811 2662 a
832 2625 878 2663 me
902 2611 933 2663 et
952 2626 970 2663 a
991 2607 1105 2664 eunctis
1124 2610 1216 2665 servis
1234 2609 1294 2666 tuis

99 2689 282 2746 lurissimum
305 2688 441 2764 spiritum
470 2688 613 2764 superbiae
635 2693 665 2744 et
692 2687 867 2758 cenodoxiae,
892 2687 1011 2744 invidiae
1039 2693 1070 2745 et
1096 2689 1293 2766 blasphemiae,

99 2770 293 2828 'emicationis
318 2775 348 2826 et
374 2769 580 2840 immunditiae,
605 2768 765 2825 dubietatis
792 2773 823 2825 et
846 2768 1022 2826 diffidentiae.
1067 2769 1295 2829 Confundantur

99 2852 142 2927 [ui
174 2870 228 2907 nos
259 2856 484 2927 persequuntur.
537 2849 666 2906 Pereant
696 2849 743 2905 illi
774 2848 827 2924 qui
857 2849 978 2925 perdere
1008 2857 1116 2928 cuncta
1141 2851 1292 2910 festinant.

99 2933 159 2988 ‚lex
187 2932 346 3007 virginum,
375 2936 489 2988 amator
516 2931 660 2987 castitatis
692 2936 722 2986 et
748 2929 930 3005 integritatis
957 2931 1048 3004 Deus,
1076 2932 1199 2990 caelestis
1229 2953 1295 2991 rore

99 3012 304 3070 ›enedictionis
335 3018 394 3068 tuae
430 3011 572 3086 extingue
607 3011 639 3066 in
671 3030 721 3067 eor
757 3030 856 3067 meum
891 3017 989 3068 totum
1026 3012 1126 3089 ignem
1162 3015 1294 3071 ardentis

99 3092 231 3164 ibidinis,
255 3099 290 3149 ut
313 3098 432 3148 maneat
454 3092 487 3148 in
510 3111 557 3148 me
581 3097 667 3148 tenor
690 3091 783 3148 totius
805 3092 949 3149 castitatis
972 3094 1101 3168 corporis
1123 3099 1153 3151 et
1177 3095 1291 3152 animae.

99 3173 242 3231 lIortifiea
262 3173 295 3229 in
317 3173 457 3230 membris
478 3173 551 3229 meis
572 3171 667 3229 camis
688 3172 830 3243 stimulos,
846 3191 1003 3249 omnesque
1025 3174 1197 3231 libidinosas
1218 3195 1294 3232 com·

99 3255 244 3324 notiones,
261 3261 291 3311 et
308 3255 346 3310 da
363 3253 437 3310 mihi
458 3273 558 3310 veram
579 3259 608 3310 et
628 3260 800 3329 perpetuam
820 3253 994 3324 castitatem,
1011 3273 1075 3310 cum
1091 3256 1195 3312 ceteris
1209 3256 1293 3313 donis

99 3337 150 3392 uis
168 3355 233 3411 quae
256 3334 312 3390 tibi
333 3335 451 3411 placent
475 3335 507 3390 in
525 3334 658 3405 veritate,
674 3339 710 3389 ut
731 3333 906 3390 sacrificium
927 3334 1022 3390 laudis
1036 3339 1115 3391 casto
1129 3355 1248 3412 corpore
1262 3343 1293 3394 et

99 3416 202 3473 nundo
216 3415 302 3472 corde
315 3415 430 3472 valeam
451 3415 508 3470 tibi
530 3415 632 3471 offerre
651 3413 791 3489 quotidie.
836 3413 955 3481 Quanta
969 3415 1047 3472 enim
1069 3416 1163 3472 cordis
1186 3418 1293 3474 contri-

99 3499 170 3554 ione
186 3503 216 3552 et
237 3496 432 3572 lacrymarum
446 3497 591 3566 ubertate,
606 3500 717 3571 quanta
734 3495 899 3551 reverentia
917 3500 947 3551 et
966 3496 1165 3568 veneratione,
1181 3503 1293 3572 quanta

101 3577 218 3653 orporis
232 3580 367 3633 castitate
381 3583 411 3634 et
425 3577 530 3633 animae
545 3577 682 3652 puritate,
697 3575 778 3631 istud
792 3575 926 3632 divinum
941 3581 971 3632 et
991 3576 1105 3633 caeleste
1119 3578 1293 3636 sacrificium

100 3666 131 3715 st
155 3657 370 3728 celebrandum,
387 3658 523 3727 Domine,
539 3658 592 3713 ubi
613 3676 679 3713 caro
702 3662 754 3712 tua
776 3656 808 3712 in
826 3657 952 3713 veritate
973 3658 1108 3729 sumitur,
1124 3664 1155 3714 et
1175 3661 1294 3735 sanguis

99 3759 158 3796 iius
172 3739 205 3794 in
219 3739 345 3795 veritate
358 3739 481 3808 bibitur,
498 3738 550 3793 ubi
563 3739 623 3794 ima
637 3737 758 3793 summis
768 3738 946 3814 junguntur,
961 3737 1014 3793 ubi
1027 3739 1109 3795 adest
1123 3746 1292 3797 sanctorum

99 3820 246 3876 ›raesentia
267 3820 447 3895 angelorum,
469 3819 522 3875 ubi
541 3824 576 3875 tu
601 3839 630 3875 es
653 3818 784 3874 sacerdos
808 3825 839 3875 et
866 3819 1040 3875 sacrificium
1063 3819 1239 3878 mirabiliter
1263 3827 1293 3878 et

99 3900 286 3958 neffabiliter.

150 3981 224 4050 Quis
238 3981 326 4057 digne
339 3982 395 4038 hoc
409 3980 555 4038 celebrare
569 3986 674 4056 potest,
690 3979 748 4036 nisi
762 3986 805 4050 tu,
817 3980 900 4037 Deus
915 3980 1109 4056 omnipotens,
1122 3982 1292 4040 offerentem

99 4064 190 4121 aceris
212 4062 355 4138 dignuml
405 4062 471 4119 Scio
486 4069 516 4119 et
529 4082 598 4118 vere
615 4061 683 4133 scio,
708 4067 738 4118 et
760 4061 889 4136 idipsum
911 4061 1039 4118 bonitati
1061 4068 1121 4119 tuae
1143 4063 1293 4134 confiteor,

99 4143 167 4219 quod
192 4163 253 4200 non
276 4163 341 4199 sum
366 4143 471 4218 dignus
495 4143 532 4199 ad
556 4149 674 4199 tantum
698 4143 833 4198 accedere
857 4142 1030 4216 mysterium
1057 4149 1178 4220 propter
1201 4145 1295 4202 nimia

99 4230 208 4280 ›ecoata
231 4243 305 4296 mea,
321 4230 351 4280 et
375 4224 568 4300 negligentias
592 4244 670 4280 meas
694 4222 833 4282 infinitas.
877 4223 934 4279 Sed
958 4224 1017 4280 scio
1040 4230 1070 4281 et
1092 4226 1235 4282 veraciter
1257 4246 1294 4283 ex

99 4311 153 4361 oto
167 4305 253 4362 corde
268 4304 361 4376 credo,
377 4325 427 4362 ore
440 4306 590 4377 confiteor,
606 4304 675 4380 quia
688 4308 722 4360 tu
737 4311 819 4380 potes
832 4323 880 4360 me
893 4304 988 4361 facere
1003 4305 1134 4382 dignum,
1151 4307 1202 4382 qui
1216 4307 1295 4365 solus

135 4426 148 4449 ¹
166 4425 228 4470 This
243 4439 331 4484 prayer
346 4425 368 4470 is
383 4427 409 4471 in
425 4425 497 4470 MSS.
510 4426 532 4471 D
544 4426 591 4470 and
602 4426 632 4482 G,
647 4427 691 4471 but
706 4426 788 4470 notin
804 4427 832 4479 B,
844 4427 871 4478 Ο,
883 4441 910 4471 00
920 4426 954 4480 Ε;
971 4427 991 4471 F
1007 4427 1029 4471 is
1047 4428 1163 4475 defective
1179 4429 1241 4475 from
1256 4431 1296 4475 tha

99 4499 165 4542 iymn
176 4489 189 4512 ‘⁴
197 4485 343 4530 Benedicite
352 4487 363 4508 '³
373 4486 399 4530 in
410 4485 516 4531 Sabbata
526 4486 681 4531 Pentecostes
692 4490 717 4530 to
727 4487 767 4530 the
778 4490 791 4512 ‘⁴
801 4487 883 4531 Gloria
892 4487 917 4530 in
928 4487 1048 4533 excelsis.‘'
