<?xml version="1.0" encoding="UTF-8"?>
<!DOCTYPE html PUBLIC "-//W3C//DTD XHTML 1.0 Transitional//EN"
    "http://www.w3.org/TR/xhtml1/DTD/xhtml1-transitional.dtd">
<html xmlns="http://www.w3.org/1999/xhtml" xml:lang="en" lang="en">
 <head>
  <title>
</title>
<meta http-equiv="Content-Type" content="text/html;charset=utf-8" />
  <meta name='ocr-system' content='tesseract 3.04.00' />
  <meta name='ocr-capabilities' content='ocr_page ocr_carea ocr_par ocr_line ocrx_word'/>
</head>
<body>
  <div class='ocr_page' id='page_1' title='image "./missaleadusumin00churgoog_0066.png"; bbox 0 0 2926 4996; ppageno 0'>
   <div class='ocr_carea' id='block_1_1' title="bbox 366 369 949 454">
    <p class='ocr_par' dir='ltr' id='par_1_1' title="bbox 366 369 949 454">
     <span class='ocr_line' id='line_1_1' title="bbox 366 369 949 454; baseline 0 -20"><span class='ocrx_word' id='word_1_1' title='bbox 366 371 391 434; x_wconf 91' lang='lat' dir='ltr'><strong><em>I</em></strong></span> <span class='ocrx_word' id='word_1_2' title='bbox 388 392 415 435; x_wconf 80' lang='lat' dir='ltr'>a</span> <span class='ocrx_word' id='word_1_3' title='bbox 435 369 567 454; x_wconf 71' lang='lat' dir='ltr'>Vigilic</span> <span class='ocrx_word' id='word_1_4' title='bbox 581 370 619 434; x_wconf 90' lang='lat' dir='ltr'><em>N</em></span> <span class='ocrx_word' id='word_1_5' title='bbox 616 369 784 435; x_wconf 71' lang='lat' dir='ltr'>activitatis</span> <span class='ocrx_word' id='word_1_6' title='bbox 797 369 949 436; x_wconf 77' lang='lat' dir='ltr'>Domini.</span> 
     </span>
    </p>
   </div>
   <div class='ocr_carea' id='block_1_2' title="bbox 393 562 939 621">
    <p class='ocr_par' dir='ltr' id='par_1_2' title="bbox 393 562 939 621">
     <span class='ocr_line' id='line_1_2' title="bbox 393 562 939 621; baseline -0.002 -1"><span class='ocrx_word' id='word_1_7' title='bbox 393 563 434 620; x_wconf 80' lang='lat' dir='ltr'>Iu</span> <span class='ocrx_word' id='word_1_8' title='bbox 448 563 579 620; x_wconf 74' lang='lat' dir='ltr'>V1e1n1a</span> <span class='ocrx_word' id='word_1_9' title='bbox 593 562 625 620; x_wconf 87' lang='lat' dir='ltr'>N</span> <span class='ocrx_word' id='word_1_10' title='bbox 626 579 796 621; x_wconf 73' lang='lat' dir='ltr'>arrvrrams</span> <span class='ocrx_word' id='word_1_11' title='bbox 810 563 939 620; x_wconf 75' lang='lat' dir='ltr'>Douma</span> 
     </span>
    </p>
   </div>
   <div class='ocr_carea' id='block_1_3' title="bbox 55 692 1269 3069">
    <p class='ocr_par' dir='ltr' id='par_1_3' title="bbox 120 692 501 768">
     <span class='ocr_line' id='line_1_3' title="bbox 120 692 501 768; baseline 0.003 -17"><span class='ocrx_word' id='word_1_12' title='bbox 120 695 171 752; x_wconf 79' lang='lat' dir='ltr'>Ac</span> <span class='ocrx_word' id='word_1_13' title='bbox 184 692 316 752; x_wconf 76' lang='lat' dir='ltr'>Miasena.</span> <span class='ocrx_word' id='word_1_14' title='bbox 362 693 501 768; x_wconf 82' lang='lat' dir='ltr'>Officium.</span> 
     </span>
    </p>

    <p class='ocr_par' dir='ltr' id='par_1_4' title="bbox 55 774 1266 936">
     <span class='ocr_line' id='line_1_4' title="bbox 117 774 1266 850; baseline -0.001 -17"><span class='ocrx_word' id='word_1_15' title='bbox 117 775 220 833; x_wconf 87' lang='lat' dir='ltr'>Hodie</span> <span class='ocrx_word' id='word_1_16' title='bbox 239 774 337 832; x_wconf 85' lang='lat' dir='ltr'>scietis</span> <span class='ocrx_word' id='word_1_17' title='bbox 354 775 424 850; x_wconf 89' lang='lat' dir='ltr'>quia</span> <span class='ocrx_word' id='word_1_18' title='bbox 437 774 538 833; x_wconf 89' lang='lat' dir='ltr'>veniet</span> <span class='ocrx_word' id='word_1_19' title='bbox 552 774 705 846; x_wconf 81' lang='lat' dir='ltr'>Dominus,</span> <span class='ocrx_word' id='word_1_20' title='bbox 722 779 753 832; x_wconf 89' lang='lat' dir='ltr'>et</span> <span class='ocrx_word' id='word_1_21' title='bbox 766 774 892 831; x_wconf 72' lang='lat' dir='ltr'><strong>salvabit</strong></span> <span class='ocrx_word' id='word_1_22' title='bbox 906 793 966 846; x_wconf 83' lang='lat' dir='ltr'>vos,</span> <span class='ocrx_word' id='word_1_23' title='bbox 982 780 1012 831; x_wconf 89' lang='lat' dir='ltr'>et</span> <span class='ocrx_word' id='word_1_24' title='bbox 1026 794 1112 832; x_wconf 88' lang='lat' dir='ltr'>mane</span> <span class='ocrx_word' id='word_1_25' title='bbox 1125 774 1266 833; x_wconf 81' lang='lat' dir='ltr'>videbitis</span> 
     </span>
     <span class='ocr_line' id='line_1_5' title="bbox 55 857 267 936; baseline -0.009 -22"><span class='ocrx_word' id='word_1_26' title='bbox 55 857 183 936; x_wconf 79' lang='lat' dir='ltr'>gloriam</span> <span class='ocrx_word' id='word_1_27' title='bbox 197 857 267 932; x_wconf 86' lang='lat' dir='ltr'>ejus</span> 
     </span>
    </p>

    <p class='ocr_par' dir='ltr' id='par_1_5' title="bbox 118 937 265 994">
     <span class='ocr_line' id='line_1_6' title="bbox 118 937 265 994; baseline -0.007 0"><span class='ocrx_word' id='word_1_28' title='bbox 118 937 265 994; x_wconf 65' lang='lat' dir='ltr'>Paetinae.</span> 
     </span>
    </p>

    <p class='ocr_par' dir='ltr' id='par_1_6' title="bbox 55 1017 1263 1156">
     <span class='ocr_line' id='line_1_7' title="bbox 119 1017 1263 1094; baseline -0.001 -20"><span class='ocrx_word' id='word_1_29' title='bbox 119 1017 244 1075; x_wconf 87' lang='lat' dir='ltr'><strong>Domini</strong></span> <span class='ocrx_word' id='word_1_30' title='bbox 264 1022 310 1074; x_wconf 87' lang='lat' dir='ltr'>est</span> <span class='ocrx_word' id='word_1_31' title='bbox 329 1022 410 1074; x_wconf 87' lang='lat' dir='ltr'>terra</span> <span class='ocrx_word' id='word_1_32' title='bbox 431 1023 461 1074; x_wconf 89' lang='lat' dir='ltr'>et</span> <span class='ocrx_word' id='word_1_33' title='bbox 479 1017 635 1094; x_wconf 83' lang='lat' dir='ltr'>plenitudo</span> <span class='ocrx_word' id='word_1_34' title='bbox 656 1017 736 1092; x_wconf 88' lang='lat' dir='ltr'>ejus:</span> <span class='ocrx_word' id='word_1_35' title='bbox 757 1017 837 1074; x_wconf 89' lang='lat' dir='ltr'>orbis</span> <span class='ocrx_word' id='word_1_36' title='bbox 851 1022 1007 1088; x_wconf 89' lang='lat' dir='ltr'>terrarum,</span> <span class='ocrx_word' id='word_1_37' title='bbox 1021 1024 1052 1075; x_wconf 90' lang='lat' dir='ltr'>et</span> <span class='ocrx_word' id='word_1_38' title='bbox 1065 1017 1197 1075; x_wconf 89' lang='lat' dir='ltr'>universi</span> <span class='ocrx_word' id='word_1_39' title='bbox 1211 1018 1263 1093; x_wconf 93' lang='lat' dir='ltr'>qui</span> 
     </span>
     <span class='ocr_line' id='line_1_8' title="bbox 55 1098 298 1156; baseline -0.008 0"><span class='ocrx_word' id='word_1_40' title='bbox 55 1098 241 1156; x_wconf 85' lang='lat' dir='ltr'>habitantia</span> <span class='ocrx_word' id='word_1_41' title='bbox 256 1117 298 1154; x_wconf 86' lang='lat' dir='ltr'>eo.</span> 
     </span>
    </p>

    <p class='ocr_par' dir='ltr' id='par_1_7' title="bbox 120 1177 591 1237">
     <span class='ocr_line' id='line_1_9' title="bbox 120 1177 591 1237; baseline -0.002 -1"><span class='ocrx_word' id='word_1_42' title='bbox 120 1178 224 1237; x_wconf 81' lang='lat' dir='ltr'>Gloria</span> <span class='ocrx_word' id='word_1_43' title='bbox 236 1177 329 1235; x_wconf 90' lang='lat' dir='ltr'>Patri.</span> <span class='ocrx_word' id='word_1_44' title='bbox 372 1177 473 1235; x_wconf 83' lang='lat' dir='ltr'>Hodie</span> <span class='ocrx_word' id='word_1_45' title='bbox 486 1177 591 1235; x_wconf 86' lang='lat' dir='ltr'>scietis.</span> 
     </span>
    </p>

    <p class='ocr_par' dir='ltr' id='par_1_8' title="bbox 59 1257 1265 1418">
     <span class='ocr_line' id='line_1_10' title="bbox 121 1257 1265 1339; baseline 0.001 -23"><span class='ocrx_word' id='word_1_46' title='bbox 121 1257 241 1339; x_wconf 87' lang='lat' dir='ltr'>[Kyrie,</span> <span class='ocrx_word' id='word_1_47' title='bbox 262 1258 397 1329; x_wconf 82' lang='lat' dir='ltr'>Sanctus,</span> <span class='ocrx_word' id='word_1_48' title='bbox 418 1259 564 1335; x_wconf 86' lang='lat' dir='ltr'>ctAgnus</span> <span class='ocrx_word' id='word_1_49' title='bbox 575 1258 733 1333; x_wconf 70' lang='lat' dir='ltr'>ferialiter,</span> <span class='ocrx_word' id='word_1_50' title='bbox 755 1259 815 1316; x_wconf 78' lang='lat' dir='ltr'>cisi</span> <span class='ocrx_word' id='word_1_51' title='bbox 832 1258 990 1317; x_wconf 78' lang='lat' dir='ltr'>Doeniaicc</span> <span class='ocrx_word' id='word_1_52' title='bbox 1000 1259 1107 1334; x_wconf 76' lang='lat' dir='ltr'>fucrit,</span> <span class='ocrx_word' id='word_1_53' title='bbox 1127 1268 1160 1316; x_wconf 81' lang='lat' dir='ltr'>iit</span> <span class='ocrx_word' id='word_1_54' title='bbox 1181 1259 1265 1334; x_wconf 80' lang='lat' dir='ltr'>infre</span> 
     </span>
     <span class='ocr_line' id='line_1_11' title="bbox 59 1336 367 1418; baseline -0.01 -19"><span class='ocrx_word' id='word_1_55' title='bbox 59 1339 299 1399; x_wconf 59' lang='lat' dir='ltr'>notatum-MS.</span> <span class='ocrx_word' id='word_1_56' title='bbox 315 1336 367 1418; x_wconf 89' lang='lat' dir='ltr'>D.]</span> 
     </span>
    </p>

    <p class='ocr_par' dir='ltr' id='par_1_9' title="bbox 122 1420 230 1479">
     <span class='ocr_line' id='line_1_12' title="bbox 122 1420 230 1479; baseline 0 0"><span class='ocrx_word' id='word_1_57' title='bbox 122 1420 230 1479; x_wconf 76' lang='lat' dir='ltr'>Oratia</span> 
     </span>
    </p>

    <p class='ocr_par' dir='ltr' id='par_1_10' title="bbox 55 1500 1267 1816">
     <span class='ocr_line' id='line_1_13' title="bbox 122 1500 1265 1577; baseline 0 -18"><span class='ocrx_word' id='word_1_58' title='bbox 122 1502 214 1572; x_wconf 90' lang='lat' dir='ltr'>Deus,</span> <span class='ocrx_word' id='word_1_59' title='bbox 238 1500 290 1576; x_wconf 92' lang='lat' dir='ltr'>qui</span> <span class='ocrx_word' id='word_1_60' title='bbox 317 1519 371 1557; x_wconf 87' lang='lat' dir='ltr'>nos</span> <span class='ocrx_word' id='word_1_61' title='bbox 397 1501 607 1577; x_wconf 73' lang='lat' dir='ltr'>redemptionis</span> <span class='ocrx_word' id='word_1_62' title='bbox 633 1506 740 1558; x_wconf 77' lang='lat' dir='ltr'>nostrae</span> <span class='ocrx_word' id='word_1_63' title='bbox 767 1521 867 1558; x_wconf 88' lang='lat' dir='ltr'>annua</span> <span class='ocrx_word' id='word_1_64' title='bbox 893 1503 1098 1577; x_wconf 85' lang='lat' dir='ltr'>expectatione</span> <span class='ocrx_word' id='word_1_65' title='bbox 1125 1502 1265 1573; x_wconf 85' lang='lat' dir='ltr'>laetilicas,</span> 
     </span>
     <span class='ocr_line' id='line_1_14' title="bbox 56 1581 1267 1660; baseline 0 -20"><span class='ocrx_word' id='word_1_66' title='bbox 56 1588 175 1660; x_wconf 71' lang='lat' dir='ltr'>praesta,</span> <span class='ocrx_word' id='word_1_67' title='bbox 189 1587 226 1638; x_wconf 88' lang='lat' dir='ltr'>ut</span> <span class='ocrx_word' id='word_1_68' title='bbox 239 1581 437 1657; x_wconf 70' lang='lat' dir='ltr'>Unigenitum</span> <span class='ocrx_word' id='word_1_69' title='bbox 457 1586 544 1639; x_wconf 91' lang='lat' dir='ltr'>tuum</span> <span class='ocrx_word' id='word_1_70' title='bbox 565 1601 653 1657; x_wconf 91' lang='lat' dir='ltr'>quem</span> <span class='ocrx_word' id='word_1_71' title='bbox 673 1582 889 1657; x_wconf 77' lang='lat' dir='ltr'>redemptorem</span> <span class='ocrx_word' id='word_1_72' title='bbox 909 1581 972 1639; x_wconf 87' lang='lat' dir='ltr'>laeti</span> <span class='ocrx_word' id='word_1_73' title='bbox 990 1583 1170 1659; x_wconf 86' lang='lat' dir='ltr'>suscipimus,</span> <span class='ocrx_word' id='word_1_74' title='bbox 1185 1584 1267 1640; x_wconf 89' lang='lat' dir='ltr'>veni-</span> 
     </span>
     <span class='ocr_line' id='line_1_15' title="bbox 55 1662 1266 1739; baseline -0.001 -18"><span class='ocrx_word' id='word_1_75' title='bbox 55 1671 160 1722; x_wconf 87' lang='lat' dir='ltr'>entem</span> <span class='ocrx_word' id='word_1_76' title='bbox 191 1681 307 1739; x_wconf 89' lang='lat' dir='ltr'>quoque</span> <span class='ocrx_word' id='word_1_77' title='bbox 333 1662 466 1738; x_wconf 89' lang='lat' dir='ltr'>judicem</span> <span class='ocrx_word' id='word_1_78' title='bbox 499 1663 593 1719; x_wconf 85' lang='lat' dir='ltr'>securi</span> <span class='ocrx_word' id='word_1_79' title='bbox 620 1662 779 1734; x_wconf 69' lang='lat' dir='ltr'>videamua</span> <span class='ocrx_word' id='word_1_80' title='bbox 810 1663 973 1720; x_wconf 92' lang='lat' dir='ltr'>Dominum</span> <span class='ocrx_word' id='word_1_81' title='bbox 999 1671 1134 1721; x_wconf 90' lang='lat' dir='ltr'>nostrum</span> <span class='ocrx_word' id='word_1_82' title='bbox 1160 1664 1266 1721; x_wconf 77' lang='lat' dir='ltr'>desum</span> 
     </span>
     <span class='ocr_line' id='line_1_16' title="bbox 57 1743 669 1816; baseline -0.002 -14"><span class='ocrx_word' id='word_1_83' title='bbox 57 1744 225 1816; x_wconf 83' lang='lat' dir='ltr'>Christum,</span> <span class='ocrx_word' id='word_1_84' title='bbox 240 1743 351 1800; x_wconf 87' lang='lat' dir='ltr'>Filium</span> <span class='ocrx_word' id='word_1_85' title='bbox 365 1748 470 1815; x_wconf 72' lang='lat' dir='ltr'>tuum,</span> <span class='ocrx_word' id='word_1_86' title='bbox 491 1743 550 1813; x_wconf 82' lang='lat' dir='ltr'>Qui</span> <span class='ocrx_word' id='word_1_87' title='bbox 564 1749 669 1802; x_wconf 85' lang='lat' dir='ltr'>tecum.</span> 
     </span>
    </p>

    <p class='ocr_par' dir='ltr' id='par_1_11' title="bbox 121 1823 467 1882">
     <span class='ocr_line' id='line_1_17' title="bbox 121 1823 467 1882; baseline -0.006 0"><span class='ocrx_word' id='word_1_88' title='bbox 121 1824 266 1882; x_wconf 70' lang='lat' dir='ltr'>Memorio</span> <span class='ocrx_word' id='word_1_89' title='bbox 279 1844 339 1881; x_wconf 81' lang='lat' dir='ltr'>aaa</span> <span class='ocrx_word' id='word_1_90' title='bbox 352 1823 467 1882; x_wconf 80' lang='lat' dir='ltr'>dicitur.</span> 
     </span>
    </p>

    <p class='ocr_par' dir='ltr' id='par_1_12' title="bbox 56 1903 1262 2065">
     <span class='ocr_line' id='line_1_18' title="bbox 122 1903 1262 1986; baseline -0.001 -23"><span class='ocrx_word' id='word_1_91' title='bbox 122 1903 282 1986; x_wconf 79' lang='lat' dir='ltr'>[Sequatur</span> <span class='ocrx_word' id='word_1_92' title='bbox 295 1904 391 1962; x_wconf 80' lang='lat' dir='ltr'>Lectio</span> <span class='ocrx_word' id='word_1_93' title='bbox 404 1904 439 1962; x_wconf 84' lang='lat' dir='ltr'>ab</span> <span class='ocrx_word' id='word_1_94' title='bbox 453 1925 514 1962; x_wconf 79' lang='lat' dir='ltr'>utto</span> <span class='ocrx_word' id='word_1_95' title='bbox 534 1907 568 1963; x_wconf 87' lang='lat' dir='ltr'>de</span> <span class='ocrx_word' id='word_1_96' title='bbox 588 1904 748 1980; x_wconf 76' lang='lat' dir='ltr'>majoribus</span> <span class='ocrx_word' id='word_1_97' title='bbox 761 1907 894 1980; x_wconf 75' lang='lat' dir='ltr'>percoctis</span> <span class='ocrx_word' id='word_1_98' title='bbox 907 1905 1047 1976; x_wconf 71' lang='lat' dir='ltr'>Ecclesia,</span> <span class='ocrx_word' id='word_1_99' title='bbox 1063 1916 1089 1962; x_wconf 91' lang='lat' dir='ltr'>et</span> <span class='ocrx_word' id='word_1_100' title='bbox 1103 1906 1217 1981; x_wconf 75' lang='lat' dir='ltr'>tepatur</span> <span class='ocrx_word' id='word_1_101' title='bbox 1229 1907 1262 1962; x_wconf 80' lang='lat' dir='ltr'>in</span> 
     </span>
     <span class='ocr_line' id='line_1_19' title="bbox 56 1983 954 2065; baseline -0.003 -20"><span class='ocrx_word' id='word_1_102' title='bbox 56 1986 268 2063; x_wconf 73' lang='lat' dir='ltr'>Supeipellicco</span> <span class='ocrx_word' id='word_1_103' title='bbox 281 1985 316 2041; x_wconf 81' lang='lat' dir='ltr'>ia</span> <span class='ocrx_word' id='word_1_104' title='bbox 328 1986 422 2042; x_wconf 85' lang='lat' dir='ltr'>medio</span> <span class='ocrx_word' id='word_1_105' title='bbox 436 1984 525 2044; x_wconf 77' lang='lat' dir='ltr'>Obori</span> <span class='ocrx_word' id='word_1_106' title='bbox 538 2006 604 2043; x_wconf 82' lang='lat' dir='ltr'>cum</span> <span class='ocrx_word' id='word_1_107' title='bbox 617 2007 670 2043; x_wconf 80' lang='lat' dir='ltr'>auo</span> <span class='ocrx_word' id='word_1_108' title='bbox 685 1986 884 2043; x_wconf 80' lang='lat' dir='ltr'>titulo—MS.</span> <span class='ocrx_word' id='word_1_109' title='bbox 902 1983 954 2065; x_wconf 90' lang='lat' dir='ltr'>D.]</span> 
     </span>
    </p>

    <p class='ocr_par' dir='ltr' id='par_1_13' title="bbox 121 2065 679 2143">
     <span class='ocr_line' id='line_1_20' title="bbox 121 2065 679 2143; baseline 0.002 -20"><span class='ocrx_word' id='word_1_110' title='bbox 121 2066 220 2125; x_wconf 83' lang='lat' dir='ltr'>Lectio</span> <span class='ocrx_word' id='word_1_111' title='bbox 233 2065 332 2123; x_wconf 77' lang='lat' dir='ltr'>Eaciae</span> <span class='ocrx_word' id='word_1_112' title='bbox 347 2066 496 2141; x_wconf 66' lang='lat' dir='ltr'>Prophetae</span> <span class='ocrx_word' id='word_1_113' title='bbox 510 2066 587 2142; x_wconf 74' lang='lat' dir='ltr'>(tait.</span> <span class='ocrx_word' id='word_1_114' title='bbox 607 2066 679 2143; x_wconf 85' lang='grc'>1-4)</span> 
     </span>
    </p>

    <p class='ocr_par' dir='ltr' id='par_1_14' title="bbox 55 2158 1268 2299">
     <span class='ocr_line' id='line_1_21' title="bbox 122 2158 1268 2237; baseline -0.001 -21"><span class='ocrx_word' id='word_1_115' title='bbox 122 2159 198 2217; x_wconf 87' lang='lat' dir='ltr'>Haeo</span> <span class='ocrx_word' id='word_1_116' title='bbox 218 2159 291 2216; x_wconf 84' lang='lat' dir='ltr'>dicit</span> <span class='ocrx_word' id='word_1_117' title='bbox 310 2158 458 2216; x_wconf 86' lang='lat' dir='ltr'>Dominus</span> <span class='ocrx_word' id='word_1_118' title='bbox 479 2158 561 2216; x_wconf 88' lang='lat' dir='ltr'>Deus</span> <span class='ocrx_word' id='word_1_119' title='bbox 572 2179 581 2232; x_wconf 81' lang='lat'><em>3</em></span> <span class='ocrx_word' id='word_1_120' title='bbox 608 2158 734 2236; x_wconf 87' lang='lat' dir='ltr'>Propter</span> <span class='ocrx_word' id='word_1_121' title='bbox 756 2159 827 2216; x_wconf 84' lang='lat' dir='ltr'>Sion</span> <span class='ocrx_word' id='word_1_122' title='bbox 847 2180 937 2234; x_wconf 79' lang='lat' dir='ltr'>asqace</span> <span class='ocrx_word' id='word_1_123' title='bbox 957 2161 998 2217; x_wconf 84' lang='lat' dir='ltr'>ad</span> <span class='ocrx_word' id='word_1_124' title='bbox 1018 2160 1193 2237; x_wconf 90' lang='lat' dir='ltr'>complacuit</span> <span class='ocrx_word' id='word_1_125' title='bbox 1208 2160 1268 2216; x_wconf 94' lang='lat' dir='ltr'>Do-</span> 
     </span>
     <span class='ocr_line' id='line_1_22' title="bbox 55 2241 242 2299; baseline -0.005 0"><span class='ocrx_word' id='word_1_126' title='bbox 55 2242 143 2299; x_wconf 90' lang='lat' dir='ltr'>mino</span> <span class='ocrx_word' id='word_1_127' title='bbox 157 2241 190 2296; x_wconf 91' lang='lat' dir='ltr'>in</span> <span class='ocrx_word' id='word_1_128' title='bbox 204 2246 242 2298; x_wconf 87' lang='lat' dir='ltr'>te.</span> 
     </span>
    </p>

    <p class='ocr_par' dir='ltr' id='par_1_15' title="bbox 124 2319 1184 2401">
     <span class='ocr_line' id='line_1_23' title="bbox 124 2319 1184 2401; baseline 0.002 -25"><span class='ocrx_word' id='word_1_129' title='bbox 124 2319 252 2401; x_wconf 76' lang='lat' dir='ltr'>[Deinde</span> <span class='ocrx_word' id='word_1_130' title='bbox 264 2320 326 2378; x_wconf 81' lang='lat' dir='ltr'>aiae</span> <span class='ocrx_word' id='word_1_131' title='bbox 339 2321 489 2378; x_wconf 73' lang='lat' dir='ltr'>intervallo</span> <span class='ocrx_word' id='word_1_132' title='bbox 503 2321 634 2396; x_wconf 76' lang='lat' dir='ltr'>sequitur</span> <span class='ocrx_word' id='word_1_133' title='bbox 646 2320 781 2397; x_wconf 73' lang='lat' dir='ltr'>Epistola</span> <span class='ocrx_word' id='word_1_134' title='bbox 794 2322 828 2377; x_wconf 81' lang='lat' dir='ltr'>ia</span> <span class='ocrx_word' id='word_1_135' title='bbox 842 2323 937 2378; x_wconf 79' lang='lat' dir='ltr'>codem</span> <span class='ocrx_word' id='word_1_136' title='bbox 950 2319 1184 2400; x_wconf 80' lang='lat' dir='ltr'>loco‚—MS.D.]</span> 
     </span>
    </p>

    <p class='ocr_par' dir='ltr' id='par_1_16' title="bbox 123 2400 476 2478">
     <span class='ocr_line' id='line_1_24' title="bbox 123 2400 476 2478; baseline 0 -20"><span class='ocrx_word' id='word_1_137' title='bbox 123 2402 174 2459; x_wconf 76' lang='lat' dir='ltr'>Ad</span> <span class='ocrx_word' id='word_1_138' title='bbox 186 2401 335 2458; x_wconf 75' lang='lat' dir='ltr'>Romanoa</span> <span class='ocrx_word' id='word_1_139' title='bbox 348 2400 384 2475; x_wconf 90' lang='lat' dir='ltr'>(i.</span> <span class='ocrx_word' id='word_1_140' title='bbox 404 2401 476 2478; x_wconf 86' lang='lat'><strong>1-6).</strong></span> 
     </span>
    </p>

    <p class='ocr_par' dir='ltr' id='par_1_17' title="bbox 58 2481 1267 2622">
     <span class='ocr_line' id='line_1_25' title="bbox 123 2481 1267 2557; baseline 0 -18"><span class='ocrx_word' id='word_1_141' title='bbox 123 2483 261 2539; x_wconf 83' lang='lat' dir='ltr'>Fratres:</span> <span class='ocrx_word' id='word_1_142' title='bbox 285 2481 405 2554; x_wconf 87' lang='lat' dir='ltr'>Paulus,</span> <span class='ocrx_word' id='word_1_143' title='bbox 428 2502 529 2540; x_wconf 86' lang='lat' dir='ltr'>servus</span> <span class='ocrx_word' id='word_1_144' title='bbox 550 2483 624 2541; x_wconf 83' lang='lat' dir='ltr'>Jesu</span> <span class='ocrx_word' id='word_1_145' title='bbox 648 2483 759 2541; x_wconf 81' lang='lat' dir='ltr'>Christi</span> <span class='ocrx_word' id='word_1_146' title='bbox 783 2503 875 2557; x_wconf 79' lang='lat' dir='ltr'>aisque</span> <span class='ocrx_word' id='word_1_147' title='bbox 895 2485 936 2540; x_wconf 84' lang='lat' dir='ltr'>cd</span> <span class='ocrx_word' id='word_1_148' title='bbox 957 2489 986 2540; x_wconf 90' lang='lat' dir='ltr'>et</span> <span class='ocrx_word' id='word_1_149' title='bbox 1006 2502 1058 2540; x_wconf 86' lang='lat' dir='ltr'>vos</span> <span class='ocrx_word' id='word_1_150' title='bbox 1075 2483 1173 2540; x_wconf 85' lang='lat' dir='ltr'>vocati</span> <span class='ocrx_word' id='word_1_151' title='bbox 1192 2482 1267 2539; x_wconf 83' lang='lat' dir='ltr'>Jcsu</span> 
     </span>
     <span class='ocr_line' id='line_1_26' title="bbox 58 2562 429 2622; baseline -0.005 0"><span class='ocrx_word' id='word_1_152' title='bbox 58 2563 176 2622; x_wconf 81' lang='lat' dir='ltr'>Christi</span> <span class='ocrx_word' id='word_1_153' title='bbox 190 2562 315 2620; x_wconf 91' lang='lat' dir='ltr'>Domini</span> <span class='ocrx_word' id='word_1_154' title='bbox 328 2563 429 2620; x_wconf 87' lang='lat' dir='ltr'>nostri.</span> 
     </span>
    </p>

    <p class='ocr_par' dir='ltr' id='par_1_18' title="bbox 57 2640 1267 2805">
     <span class='ocr_line' id='line_1_27' title="bbox 124 2640 1267 2723; baseline -0.001 -22"><span class='ocrx_word' id='word_1_155' title='bbox 124 2642 252 2701; x_wconf 82' lang='lat' dir='ltr'>Grodale</span> <span class='ocrx_word' id='word_1_156' title='bbox 267 2640 314 2723; x_wconf 82' lang='lat' dir='ltr'>[ab</span> <span class='ocrx_word' id='word_1_157' title='bbox 328 2664 388 2701; x_wconf 82' lang='lat' dir='ltr'>uuo</span> <span class='ocrx_word' id='word_1_158' title='bbox 396 2665 489 2719; x_wconf 80' lang='lat' dir='ltr'>puero</span> <span class='ocrx_word' id='word_1_159' title='bbox 503 2645 537 2701; x_wconf 83' lang='lat' dir='ltr'>ia</span> <span class='ocrx_word' id='word_1_160' title='bbox 549 2645 643 2702; x_wconf 81' lang='lat' dir='ltr'>medio</span> <span class='ocrx_word' id='word_1_161' title='bbox 658 2643 747 2704; x_wconf 71' lang='lat' dir='ltr'>chori·</span> <span class='ocrx_word' id='word_1_162' title='bbox 764 2654 903 2715; x_wconf 75' lang='lat' dir='ltr'>cantetur,</span> <span class='ocrx_word' id='word_1_163' title='bbox 918 2645 979 2700; x_wconf 77' lang='lat' dir='ltr'>aiei</span> <span class='ocrx_word' id='word_1_164' title='bbox 991 2644 1148 2703; x_wconf 77' lang='lat' dir='ltr'>Doaaiaicc</span> <span class='ocrx_word' id='word_1_165' title='bbox 1159 2643 1267 2718; x_wconf 79' lang='lat' dir='ltr'>fucrit,</span> 
     </span>
     <span class='ocr_line' id='line_1_28' title="bbox 57 2723 855 2805; baseline 0 -24"><span class='ocrx_word' id='word_1_166' title='bbox 57 2725 135 2800; x_wconf 79' lang='lat' dir='ltr'>qaia</span> <span class='ocrx_word' id='word_1_167' title='bbox 151 2733 220 2781; x_wconf 78' lang='lat' dir='ltr'>taric</span> <span class='ocrx_word' id='word_1_168' title='bbox 233 2724 343 2781; x_wconf 80' lang='lat' dir='ltr'>dicitur</span> <span class='ocrx_word' id='word_1_169' title='bbox 356 2745 376 2781; x_wconf 83' lang='lat' dir='ltr'>a</span> <span class='ocrx_word' id='word_1_170' title='bbox 389 2725 501 2783; x_wconf 76' lang='lat' dir='ltr'>duobus</span> <span class='ocrx_word' id='word_1_171' title='bbox 514 2725 548 2782; x_wconf 81' lang='lat' dir='ltr'>ia</span> <span class='ocrx_word' id='word_1_172' title='bbox 556 2725 789 2801; x_wconf 69' lang='lat' dir='ltr'>palpata-MS.</span> <span class='ocrx_word' id='word_1_173' title='bbox 803 2723 855 2805; x_wconf 85' lang='lat' dir='ltr'>D.]</span> 
     </span>
    </p>

    <p class='ocr_par' dir='ltr' id='par_1_19' title="bbox 56 2815 1269 3069">
     <span class='ocr_line' id='line_1_29' title="bbox 124 2815 1269 2894; baseline 0 -20"><span class='ocrx_word' id='word_1_174' title='bbox 124 2815 226 2874; x_wconf 88' lang='lat' dir='ltr'>Hodie</span> <span class='ocrx_word' id='word_1_175' title='bbox 239 2816 336 2874; x_wconf 87' lang='lat' dir='ltr'>scietis</span> <span class='ocrx_word' id='word_1_176' title='bbox 351 2816 420 2894; x_wconf 88' lang='lat' dir='ltr'>quia</span> <span class='ocrx_word' id='word_1_177' title='bbox 432 2818 533 2874; x_wconf 85' lang='lat' dir='ltr'>veniet</span> <span class='ocrx_word' id='word_1_178' title='bbox 548 2818 695 2874; x_wconf 89' lang='lat' dir='ltr'>Dominus</span> <span class='ocrx_word' id='word_1_179' title='bbox 709 2824 740 2874; x_wconf 90' lang='lat' dir='ltr'>et</span> <span class='ocrx_word' id='word_1_180' title='bbox 753 2817 880 2875; x_wconf 82' lang='lat' dir='ltr'>salvabit</span> <span class='ocrx_word' id='word_1_181' title='bbox 893 2838 963 2876; x_wconf 86' lang='lat' dir='ltr'>nos:</span> <span class='ocrx_word' id='word_1_182' title='bbox 985 2824 1015 2875; x_wconf 91' lang='lat' dir='ltr'>et</span> <span class='ocrx_word' id='word_1_183' title='bbox 1029 2838 1114 2876; x_wconf 89' lang='lat' dir='ltr'>mane</span> <span class='ocrx_word' id='word_1_184' title='bbox 1128 2818 1269 2876; x_wconf 89' lang='lat' dir='ltr'>videbitis</span> 
     </span>
     <span class='ocr_line' id='line_1_30' title="bbox 56 2897 271 2976; baseline -0.005 -21"><span class='ocrx_word' id='word_1_185' title='bbox 56 2899 187 2976; x_wconf 86' lang='lat' dir='ltr'>gloriam</span> <span class='ocrx_word' id='word_1_186' title='bbox 201 2897 271 2973; x_wconf 87' lang='lat' dir='ltr'>ejus.</span> 
     </span>
     <span class='ocr_line' id='line_1_31' title="bbox 65 2990 1269 3069; baseline -0.003 -17"><span class='ocrx_word' id='word_1_187' title='bbox 65 2992 99 3052; x_wconf 81' lang='lat' dir='ltr'>V.</span> <span class='ocrx_word' id='word_1_188' title='bbox 125 2990 184 3060; x_wconf 78' lang='lat' dir='ltr'>Qui</span> <span class='ocrx_word' id='word_1_189' title='bbox 198 2991 274 3068; x_wconf 88' lang='lat' dir='ltr'>regis</span> <span class='ocrx_word' id='word_1_190' title='bbox 288 2991 389 3064; x_wconf 85' lang='lat' dir='ltr'>Israel,</span> <span class='ocrx_word' id='word_1_191' title='bbox 405 2991 544 3049; x_wconf 87' lang='lat' dir='ltr'>intende:</span> <span class='ocrx_word' id='word_1_192' title='bbox 565 2992 617 3067; x_wconf 92' lang='lat' dir='ltr'>qui</span> <span class='ocrx_word' id='word_1_193' title='bbox 631 2991 749 3049; x_wconf 84' lang='lat' dir='ltr'>deducis</span> <span class='ocrx_word' id='word_1_194' title='bbox 759 2992 843 3049; x_wconf 88' lang='lat' dir='ltr'>velut</span> <span class='ocrx_word' id='word_1_195' title='bbox 856 3012 941 3050; x_wconf 85' lang='lat' dir='ltr'>ovem</span> <span class='ocrx_word' id='word_1_196' title='bbox 950 2992 1070 3069; x_wconf 83' lang='lat' dir='ltr'>Joseph.</span> <span class='ocrx_word' id='word_1_197' title='bbox 1115 2992 1174 3062; x_wconf 81' lang='lat' dir='ltr'>Qui</span> <span class='ocrx_word' id='word_1_198' title='bbox 1187 2992 1269 3049; x_wconf 87' lang='lat' dir='ltr'>sedes</span> 
     </span>
    </p>
   </div>
   <div class='ocr_carea' id='block_1_4' title="bbox 58 3082 1112 3242">
    <p class='ocr_par' dir='ltr' id='par_1_20' title="bbox 58 3082 1112 3242">
     <span class='ocr_line' id='line_1_32' title="bbox 58 3082 1112 3161; baseline 0 -19"><span class='ocrx_word' id='word_1_199' title='bbox 58 3104 152 3161; x_wconf 79' lang='lat' dir='ltr'>super</span> <span class='ocrx_word' id='word_1_200' title='bbox 167 3082 326 3157; x_wconf 90' lang='lat' dir='ltr'>Cherubin,</span> <span class='ocrx_word' id='word_1_201' title='bbox 341 3104 447 3161; x_wconf 86' lang='lat' dir='ltr'>appare</span> <span class='ocrx_word' id='word_1_202' title='bbox 462 3104 559 3142; x_wconf 89' lang='lat' dir='ltr'>eoram</span> <span class='ocrx_word' id='word_1_203' title='bbox 573 3085 724 3160; x_wconf 85' lang='lat' dir='ltr'>Ephraim,</span> <span class='ocrx_word' id='word_1_204' title='bbox 741 3085 905 3161; x_wconf 88' lang='lat' dir='ltr'>Benjamiu,</span> <span class='ocrx_word' id='word_1_205' title='bbox 922 3092 953 3142; x_wconf 90' lang='lat' dir='ltr'>et</span> <span class='ocrx_word' id='word_1_206' title='bbox 967 3086 1112 3142; x_wconf 88' lang='lat' dir='ltr'>Manasse.</span> 
     </span>
     <span class='ocr_line' id='line_1_33' title="bbox 127 3164 890 3242; baseline 0.003 -20"><span class='ocrx_word' id='word_1_207' title='bbox 127 3164 254 3222; x_wconf 73' lang='lat' dir='ltr'>Crudele</span> <span class='ocrx_word' id='word_1_208' title='bbox 267 3175 420 3240; x_wconf 81' lang='lat' dir='ltr'>repetatur.</span> <span class='ocrx_word' id='word_1_209' title='bbox 463 3164 498 3222; x_wconf 80' lang='lat' dir='ltr'>Si</span> <span class='ocrx_word' id='word_1_210' title='bbox 511 3166 549 3222; x_wconf 83' lang='lat' dir='ltr'>ait</span> <span class='ocrx_word' id='word_1_211' title='bbox 562 3165 727 3236; x_wconf 67' lang='lat' dir='ltr'>Domitiae,</span> <span class='ocrx_word' id='word_1_212' title='bbox 742 3165 890 3242; x_wconf 85' lang='lat' dir='ltr'>Alleluya.</span> 
     </span>
    </p>
   </div>
   <div class='ocr_carea' id='block_1_5' title="bbox 58 3245 1269 3398">
    <p class='ocr_par' dir='ltr' id='par_1_21' title="bbox 58 3245 1269 3398">
     <span class='ocr_line' id='line_1_34' title="bbox 67 3245 1269 3396; baseline -0.003 -79"><span class='ocrx_word' id='word_1_213' title='bbox 67 3260 99 3317; x_wconf 87' lang='lat' dir='ltr'>V.</span> <span class='ocrx_word' id='word_1_214' title='bbox 124 3257 261 3396; x_wconf 61' lang='lat' dir='ltr'>Clrastina</span> <span class='ocrx_word' id='word_1_215' title='bbox 275 3257 321 3315; x_wconf 85' lang='lat' dir='ltr'>dia</span> <span class='ocrx_word' id='word_1_216' title='bbox 335 3257 481 3315; x_wconf 86' lang='lat' dir='ltr'>delebitur</span> <span class='ocrx_word' id='word_1_217' title='bbox 494 3245 636 3334; x_wconf 88' lang='lat' dir='ltr'>iniquitas</span> <span class='ocrx_word' id='word_1_218' title='bbox 649 3264 753 3315; x_wconf 85' lang='lat' dir='ltr'>terrae:</span> <span class='ocrx_word' id='word_1_219' title='bbox 774 3265 805 3315; x_wconf 90' lang='lat' dir='ltr'>et</span> <span class='ocrx_word' id='word_1_220' title='bbox 818 3258 953 3335; x_wconf 85' lang='lat' dir='ltr'>regnabit</span> <span class='ocrx_word' id='word_1_221' title='bbox 967 3278 1119 3335; x_wconf 86' lang='lat' dir='ltr'>supervos</span> <span class='ocrx_word' id='word_1_222' title='bbox 1134 3258 1269 3316; x_wconf 84' lang='lat' dir='ltr'>Salvator</span> 
     </span>
     <span class='ocr_line' id='line_1_35' title="bbox 58 3359 178 3398; baseline -0.008 0"><span class='ocrx_word' id='word_1_223' title='bbox 58 3360 137 3398; x_wconf 90' lang='lat' dir='ltr'>mun</span> <span class='ocrx_word' id='word_1_224' title='bbox 159 3359 178 3397; x_wconf 86' lang='lat'>1.</span> 
     </span>
    </p>
   </div>
   <div class='ocr_carea' id='block_1_6' title="bbox 122 3418 905 3500">
    <p class='ocr_par' dir='ltr' id='par_1_22' title="bbox 122 3418 905 3500">
     <span class='ocr_line' id='line_1_36' title="bbox 122 3418 905 3500; baseline 0.001 -24"><span class='ocrx_word' id='word_1_225' title='bbox 122 3418 178 3500; x_wconf 79' lang='lat' dir='ltr'>[Et</span> <span class='ocrx_word' id='word_1_226' title='bbox 190 3419 384 3494; x_wconf 75' lang='lat' dir='ltr'>Ecaapeliccm</span> <span class='ocrx_word' id='word_1_227' title='bbox 389 3419 481 3494; x_wconf 78' lang='lat' dir='ltr'>jacto</span> <span class='ocrx_word' id='word_1_228' title='bbox 494 3419 595 3477; x_wconf 81' lang='lat' dir='ltr'>Altero</span> <span class='ocrx_word' id='word_1_229' title='bbox 609 3419 836 3494; x_wconf 58' lang='lat' dir='ltr'>tapetum-MS.</span> <span class='ocrx_word' id='word_1_230' title='bbox 853 3418 905 3499; x_wconf 87' lang='lat' dir='ltr'>D.]</span> 
     </span>
    </p>
   </div>
   <div class='ocr_carea' id='block_1_7' title="bbox 125 3511 661 3590">
    <p class='ocr_par' dir='ltr' id='par_1_23' title="bbox 125 3511 661 3590">
     <span class='ocr_line' id='line_1_37' title="bbox 125 3511 661 3590; baseline -0.004 -19"><span class='ocrx_word' id='word_1_231' title='bbox 125 3511 293 3571; x_wconf 77' lang='lat' dir='ltr'>Secundum</span> <span class='ocrx_word' id='word_1_232' title='bbox 306 3512 480 3570; x_wconf 78' lang='lat' dir='ltr'>Mattlioecua</span> <span class='ocrx_word' id='word_1_233' title='bbox 493 3512 511 3590; x_wconf 86' lang='lat'><em>(</em></span> <span class='ocrx_word' id='word_1_234' title='bbox 510 3513 529 3570; x_wconf 92' lang='lat' dir='ltr'>i.</span> <span class='ocrx_word' id='word_1_235' title='bbox 549 3512 661 3590; x_wconf 81' lang='lat'>18-21)</span> 
     </span>
    </p>
   </div>
   <div class='ocr_carea' id='block_1_8' title="bbox 63 3604 1298 4577">
    <p class='ocr_par' dir='ltr' id='par_1_24' title="bbox 126 3604 1298 3682">
     <span class='ocr_line' id='line_1_38' title="bbox 126 3604 1298 3682; baseline 0 -19"><span class='ocrx_word' id='word_1_236' title='bbox 126 3605 167 3663; x_wconf 91' lang='lat' dir='ltr'>In</span> <span class='ocrx_word' id='word_1_237' title='bbox 179 3605 232 3664; x_wconf 95' lang='lat' dir='ltr'>illo</span> <span class='ocrx_word' id='word_1_238' title='bbox 247 3611 387 3682; x_wconf 90' lang='lat' dir='ltr'>tempore,</span> <span class='ocrx_word' id='word_1_239' title='bbox 404 3604 480 3663; x_wconf 84' lang='lat' dir='ltr'>Cum</span> <span class='ocrx_word' id='word_1_240' title='bbox 493 3611 569 3662; x_wconf 85' lang='lat' dir='ltr'>esset</span> <span class='ocrx_word' id='word_1_241' title='bbox 583 3607 757 3682; x_wconf 85' lang='lat' dir='ltr'>desponsata</span> <span class='ocrx_word' id='word_1_242' title='bbox 769 3627 860 3680; x_wconf 79' lang='lat' dir='ltr'>caque</span> <span class='ocrx_word' id='word_1_243' title='bbox 872 3607 914 3663; x_wconf 83' lang='lat' dir='ltr'>ad</span> <span class='ocrx_word' id='word_1_244' title='bbox 926 3626 944 3662; x_wconf 87' lang='lat' dir='ltr'>a</span> <span class='ocrx_word' id='word_1_245' title='bbox 957 3605 1082 3682; x_wconf 88' lang='lat' dir='ltr'>peccatis</span> <span class='ocrx_word' id='word_1_246' title='bbox 1095 3624 1204 3663; x_wconf 86' lang='lat' dir='ltr'>eorum</span> <span class='ocrx_word' id='word_1_247' title='bbox 1297 3640 1298 3643; x_wconf 60' lang='lat'><em>=</em></span> 
     </span>
    </p>

    <p class='ocr_par' dir='ltr' id='par_1_25' title="bbox 127 3686 320 3761">
     <span class='ocr_line' id='line_1_39' title="bbox 127 3686 320 3761; baseline 0 -16"><span class='ocrx_word' id='word_1_248' title='bbox 127 3686 320 3761; x_wconf 70' lang='lat' dir='ltr'>Offmoriam.</span> 
     </span>
    </p>

    <p class='ocr_par' dir='ltr' id='par_1_26' title="bbox 63 3766 1271 3926">
     <span class='ocr_line' id='line_1_40' title="bbox 125 3766 1271 3845; baseline 0 -20"><span class='ocrx_word' id='word_1_249' title='bbox 125 3767 235 3825; x_wconf 79' lang='lat' dir='ltr'>Tollite</span> <span class='ocrx_word' id='word_1_250' title='bbox 248 3773 356 3843; x_wconf 85' lang='lat' dir='ltr'>portas,</span> <span class='ocrx_word' id='word_1_251' title='bbox 371 3768 525 3845; x_wconf 89' lang='lat' dir='ltr'>principes,</span> <span class='ocrx_word' id='word_1_252' title='bbox 537 3773 666 3826; x_wconf 84' lang='lat' dir='ltr'>vestras:</span> <span class='ocrx_word' id='word_1_253' title='bbox 688 3775 719 3826; x_wconf 88' lang='lat' dir='ltr'>et</span> <span class='ocrx_word' id='word_1_254' title='bbox 732 3768 889 3826; x_wconf 87' lang='lat' dir='ltr'>elevamini</span> <span class='ocrx_word' id='word_1_255' title='bbox 902 3773 993 3844; x_wconf 88' lang='lat' dir='ltr'>portae</span> <span class='ocrx_word' id='word_1_256' title='bbox 1007 3766 1167 3839; x_wconf 84' lang='lat' dir='ltr'>aetemales,</span> <span class='ocrx_word' id='word_1_257' title='bbox 1183 3774 1214 3824; x_wconf 85' lang='lat' dir='ltr'>et</span> <span class='ocrx_word' id='word_1_258' title='bbox 1227 3769 1271 3825; x_wconf 90' lang='lat' dir='ltr'>in-</span> 
     </span>
     <span class='ocr_line' id='line_1_41' title="bbox 63 3849 360 3926; baseline -0.007 -18"><span class='ocrx_word' id='word_1_259' title='bbox 63 3849 172 3908; x_wconf 89' lang='lat' dir='ltr'>troibit</span> <span class='ocrx_word' id='word_1_260' title='bbox 184 3869 239 3906; x_wconf 84' lang='lat' dir='ltr'>rex</span> <span class='ocrx_word' id='word_1_261' title='bbox 252 3849 360 3926; x_wconf 83' lang='lat' dir='ltr'>gloriae.</span> 
     </span>
    </p>

    <p class='ocr_par' dir='ltr' id='par_1_27' title="bbox 63 3929 1271 4232">
     <span class='ocr_line' id='line_1_42' title="bbox 126 3929 936 3988; baseline 0 0"><span class='ocrx_word' id='word_1_262' title='bbox 126 3929 247 3988; x_wconf 79' lang='lat' dir='ltr'>Secreta.</span> <span class='ocrx_word' id='word_1_263' title='bbox 934 3963 936 3967; x_wconf 16' lang='grc' dir='ltr'><em>Α</em></span> 
     </span>
     <span class='ocr_line' id='line_1_43' title="bbox 128 4010 1271 4089; baseline 0 -21"><span class='ocrx_word' id='word_1_264' title='bbox 128 4011 177 4068; x_wconf 88' lang='lat' dir='ltr'>Da</span> <span class='ocrx_word' id='word_1_265' title='bbox 190 4010 283 4081; x_wconf 88' lang='lat' dir='ltr'>nobis,</span> <span class='ocrx_word' id='word_1_266' title='bbox 298 4030 472 4087; x_wconf 85' lang='lat' dir='ltr'>quaesumus,</span> <span class='ocrx_word' id='word_1_267' title='bbox 488 4012 674 4089; x_wconf 91' lang='lat' dir='ltr'>omnipotens</span> <span class='ocrx_word' id='word_1_268' title='bbox 688 4013 788 4070; x_wconf 91' lang='lat' dir='ltr'>Deus:</span> <span class='ocrx_word' id='word_1_269' title='bbox 816 4017 852 4067; x_wconf 89' lang='lat' dir='ltr'>ut</span> <span class='ocrx_word' id='word_1_270' title='bbox 868 4010 944 4067; x_wconf 88' lang='lat' dir='ltr'>sieut</span> <span class='ocrx_word' id='word_1_271' title='bbox 962 4011 1111 4068; x_wconf 88' lang='lat' dir='ltr'>adoranda</span> <span class='ocrx_word' id='word_1_272' title='bbox 1131 4011 1203 4069; x_wconf 85' lang='lat' dir='ltr'>Filii</span> <span class='ocrx_word' id='word_1_273' title='bbox 1224 4012 1271 4068; x_wconf 89' lang='lat' dir='ltr'>tui</span> 
     </span>
     <span class='ocr_line' id='line_1_44' title="bbox 63 4091 1268 4170; baseline 0 -20"><span class='ocrx_word' id='word_1_274' title='bbox 63 4092 205 4150; x_wconf 84' lang='lat' dir='ltr'>natalitia</span> <span class='ocrx_word' id='word_1_275' title='bbox 221 4093 428 4168; x_wconf 85' lang='lat' dir='ltr'>praevenimus,</span> <span class='ocrx_word' id='word_1_276' title='bbox 445 4093 486 4150; x_wconf 89' lang='lat' dir='ltr'>sie</span> <span class='ocrx_word' id='word_1_277' title='bbox 505 4094 568 4170; x_wconf 87' lang='lat' dir='ltr'>ejus</span> <span class='ocrx_word' id='word_1_278' title='bbox 586 4113 709 4151; x_wconf 90' lang='lat' dir='ltr'>munera</span> <span class='ocrx_word' id='word_1_279' title='bbox 732 4093 881 4169; x_wconf 88' lang='lat' dir='ltr'>capiamus</span> <span class='ocrx_word' id='word_1_280' title='bbox 903 4091 1080 4168; x_wconf 89' lang='lat' dir='ltr'>sempiterna</span> <span class='ocrx_word' id='word_1_281' title='bbox 1101 4093 1268 4168; x_wconf 80' lang='lat' dir='ltr'>gaudentes</span> 
     </span>
     <span class='ocr_line' id='line_1_45' title="bbox 66 4173 281 4232; baseline 0.005 -1"><span class='ocrx_word' id='word_1_282' title='bbox 66 4173 127 4231; x_wconf 89' lang='lat' dir='ltr'>Per</span> <span class='ocrx_word' id='word_1_283' title='bbox 147 4174 281 4232; x_wconf 88' lang='lat' dir='ltr'>eundem</span> 
     </span>
    </p>

    <p class='ocr_par' dir='ltr' id='par_1_28' title="bbox 129 4251 310 4314">
     <span class='ocr_line' id='line_1_46' title="bbox 129 4251 310 4314; baseline 0 0"><span class='ocrx_word' id='word_1_284' title='bbox 129 4251 310 4314; x_wconf 67' lang='lat' dir='ltr'>donnicato.</span> 
     </span>
    </p>

    <p class='ocr_par' dir='ltr' id='par_1_29' title="bbox 129 4334 1271 4412">
     <span class='ocr_line' id='line_1_47' title="bbox 129 4334 1271 4412; baseline -0.001 -19"><span class='ocrx_word' id='word_1_285' title='bbox 129 4334 326 4393; x_wconf 82' lang='lat' dir='ltr'>Revelabitur</span> <span class='ocrx_word' id='word_1_286' title='bbox 338 4335 432 4412; x_wconf 81' lang='lat' dir='ltr'>gloria</span> <span class='ocrx_word' id='word_1_287' title='bbox 441 4335 583 4395; x_wconf 92' lang='lat' dir='ltr'>Domini:</span> <span class='ocrx_word' id='word_1_288' title='bbox 605 4342 636 4394; x_wconf 89' lang='lat' dir='ltr'>et</span> <span class='ocrx_word' id='word_1_289' title='bbox 645 4335 758 4393; x_wconf 85' lang='lat' dir='ltr'>videbit</span> <span class='ocrx_word' id='word_1_290' title='bbox 773 4335 868 4393; x_wconf 86' lang='lat' dir='ltr'>omnis</span> <span class='ocrx_word' id='word_1_291' title='bbox 881 4355 948 4393; x_wconf 89' lang='lat' dir='ltr'>caro</span> <span class='ocrx_word' id='word_1_292' title='bbox 962 4335 1090 4393; x_wconf 88' lang='lat' dir='ltr'>salutare</span> <span class='ocrx_word' id='word_1_293' title='bbox 1101 4335 1159 4392; x_wconf 83' lang='lat' dir='ltr'>Dei</span> <span class='ocrx_word' id='word_1_294' title='bbox 1168 4334 1271 4392; x_wconf 78' lang='lat' dir='ltr'>nostri.</span> 
     </span>
    </p>

    <p class='ocr_par' dir='ltr' id='par_1_30' title="bbox 129 4414 371 4476">
     <span class='ocr_line' id='line_1_48' title="bbox 129 4414 371 4476; baseline 0.012 -4"><span class='ocrx_word' id='word_1_295' title='bbox 129 4414 371 4476; x_wconf 79' lang='lat' dir='ltr'>Postcmamuaio.</span> 
     </span>
    </p>

    <p class='ocr_par' dir='ltr' id='par_1_31' title="bbox 130 4495 1272 4577">
     <span class='ocr_line' id='line_1_49' title="bbox 130 4495 1272 4577; baseline -0.003 -22"><span class='ocrx_word' id='word_1_296' title='bbox 130 4495 180 4555; x_wconf 81' lang='lat' dir='ltr'>Da</span> <span class='ocrx_word' id='word_1_297' title='bbox 190 4498 286 4571; x_wconf 77' lang='lat' dir='ltr'>nobis,</span> <span class='ocrx_word' id='word_1_298' title='bbox 302 4497 439 4573; x_wconf 90' lang='lat' dir='ltr'>Domine,</span> <span class='ocrx_word' id='word_1_299' title='bbox 454 4518 628 4575; x_wconf 82' lang='lat' dir='ltr'>quaesumus,</span> <span class='ocrx_word' id='word_1_300' title='bbox 643 4498 802 4577; x_wconf 85' lang='lat' dir='ltr'>Unigeniti</span> <span class='ocrx_word' id='word_1_301' title='bbox 816 4497 886 4556; x_wconf 83' lang='lat' dir='ltr'>Filii</span> <span class='ocrx_word' id='word_1_302' title='bbox 899 4499 945 4557; x_wconf 89' lang='lat' dir='ltr'>tui</span> <span class='ocrx_word' id='word_1_303' title='bbox 959 4496 1102 4557; x_wconf 83' lang='lat' dir='ltr'>recensita</span> <span class='ocrx_word' id='word_1_304' title='bbox 1116 4496 1272 4554; x_wconf 85' lang='lat' dir='ltr'>nativitate</span> 
     </span>
    </p>
   </div>
   <div class='ocr_carea' id='block_1_9' title="bbox 0 0 1477 4996">
    <p class='ocr_par' dir='ltr' id='par_1_32' title="bbox 0 0 1477 4996">
     <span class='ocr_line' id='line_1_50' title="bbox 0 0 1477 4996; baseline 0 0"><span class='ocrx_word' id='word_1_305' title='bbox 0 0 1477 4996; x_wconf 95' lang='lat' dir='ltr'> </span> 
     </span>
    </p>
   </div>
  </div>
 </body>
</html>
