2926 4996
352 374 400 438 Iu
414 373 506 438 Festo
521 380 716 438 sauctorum
731 373 982 439 innocentium.

192 542 296 617 Tuque
310 542 342 598 in
355 546 435 599 terra
447 541 569 618 positus,
584 539 709 617 gloriam
722 540 902 617 conspexisti
915 540 986 597 Filii
1000 541 1066 612 Dei,

193 624 266 693 Quae
280 623 375 680 solum
388 623 497 681 sanctis
510 623 542 678 in
556 623 620 678 vita
633 621 764 678 creditur
777 620 942 678 contuenda
955 641 1015 679 esse
1028 621 1157 698 pereuni

193 704 235 761 Te
250 704 385 760 Christus
398 704 432 760 in
445 723 529 760 cruce
542 702 729 779 triumphans
743 703 832 758 matri
845 721 904 759 suae
919 703 1001 759 dedit
1014 703 1172 775 custodem,

194 785 241 843 Ut
254 785 338 861 virgo
351 785 495 861 virginem
510 803 640 841 servares
653 789 743 858 atque
757 802 857 839 curam
870 783 1076 859 suppeditares.

194 866 270 923 Tute
285 884 397 922 carcere
411 866 568 941 flagrisque
582 863 692 921 fractus
705 863 874 921 testimonio
889 883 940 940 pro
956 863 1089 921 Christi*
1103 884 1133 921 es
1147 865 1272 940 gavisus.

194 945 279 1003 Idem
292 952 422 1003 mortuos
436 947 566 1016 susciten,
581 945 670 1020 inque
684 945 705 1002 J
707 964 758 1001 esu
771 945 890 1001 nomine
904 964 1050 1001 venenum
1063 945 1139 1002 forte
1152 946 1252 1004 vincis.

194 1027 262 1083 Tibi
275 1046 408 1084 summus
421 1028 545 1084 tacitum
559 1026 670 1083 caeteris
683 1025 820 1082 Verbum
833 1045 919 1081 suurn
930 1024 1021 1082 Pater
1033 1026 1152 1083 revelat.

193 1107 241 1185 Tu
254 1126 307 1163 nos
321 1128 421 1164 omnes
434 1108 569 1184 precibus
582 1106 690 1164 sedulis
704 1107 781 1183 apud
796 1106 895 1163 Deum
908 1125 1021 1182 semper
1034 1106 1211 1176 commenda,

195 1188 217 1245 J
218 1188 347 1245 ohannes
362 1188 474 1247 Christi
487 1207 560 1245 care.

134 1325 334 1400 Evaapelium.
377 1323 545 1382 Sarmatam
558 1323 724 1382 Jotaaaem
737 1323 812 1400 (xci.
832 1323 945 1400 19-24)

134 1405 174 1463 In
194 1406 246 1462 illo
266 1411 404 1482 tempore,
420 1406 508 1462 Dixit
524 1405 612 1462 Jesus
634 1404 733 1475 Petro,
757 1405 884 1480 Sequere
909 1424 956 1461 me
983 1425 1073 1479 usque
1098 1406 1138 1462 ad
1163 1405 1278 1481 scimus,

69 1489 145 1563 quia
158 1506 263 1544 verum
277 1492 323 1544 est
336 1487 540 1544 testimonium
554 1487 625 1562 ejus

137 1568 239 1625 Credo.

138 1649 330 1722 Offertorium.

134 1730 156 1786 J
157 1735 242 1787 ustus
256 1735 291 1786 ut
302 1729 401 1805 palma
414 1729 548 1802 florebit3
568 1728 645 1785 sicut
659 1728 762 1785 cedrus
777 1747 841 1804 quae
855 1728 887 1784 in
902 1727 1016 1785 Libano
1034 1735 1088 1800 est,
1105 1727 1280 1804 multiplica·

71 1811 166 1868 bitur.

138 1891 257 1949 Secreta.

137 1973 266 2048 Suscipe,
286 1972 423 2042 Domine,
442 1990 609 2046 quaesumus
622 1990 752 2042 munera,
768 1990 832 2046 quae
847 1970 879 2026 in
893 1971 956 2046 ejus
977 1970 1162 2028 solemnitate
1179 1969 1282 2027 deferi-

71 2074 150 2120 mus,
165 2054 248 2129 cujus
261 2071 315 2110 nos
328 2053 501 2109 confidimus
514 2052 678 2126 patrocinio
692 2051 818 2108 liberari
862 2051 921 2108 Per
935 2051 1104 2108 Dominum.

138 2133 288 2208 Praefatio.
332 2133 410 2202 Quia
422 2152 474 2208 per
487 2132 641 2189 incarnati.
686 2131 952 2189 Oommunicantes.

140 2213 317 2274 Omnmuaio.

138 2295 224 2351 Exiit
244 2314 338 2352 sermo
359 2293 438 2350 inter
457 2294 563 2350 fratres
583 2293 662 2370 quod
679 2293 838 2369 discipulus
851 2293 902 2350 ille
916 2313 976 2350 non
990 2293 1123 2349 moritur.
1168 2293 1209 2349 Et
1222 2312 1283 2349 non

72 2377 156 2434 dixit
169 2376 191 2433 J
192 2395 265 2447 esus,
281 2394 342 2431 non
356 2374 490 2446 moritur,
506 2375 555 2431 sed
570 2374 617 2432 Sic
632 2394 700 2432 eum
713 2376 780 2430 volo
794 2393 912 2431 manere
926 2375 1016 2430 donec
1030 2374 1154 2431 veniam.

138 2456 378 2514 Poateommunio.

139 2537 256 2594 Refecti
277 2536 341 2593 cibo
361 2542 493 2611 potuque
514 2535 630 2608 caelesti,
648 2535 730 2592 Deus
750 2540 856 2606 noster,
872 2541 903 2592 te
917 2535 1061 2611 supplices
1075 2536 1282 2611 deprecamur;

72 2626 113 2676 ut
126 2620 159 2675 in
173 2619 257 2694 cujus
266 2617 328 2674 haee
342 2617 617 2674 commemoratione
631 2616 819 2692 percepimus
833 2617 896 2691 ejus
910 2617 1079 2673 munia-mur
1093 2623 1124 2673 et
1137 2616 1281 2692 precibus

73 2701 140 2757 Per
154 2698 326 2756 Dominum.

141 3032 194 3114 [Ia
221 3034 268 3090 dic
289 3033 498 3090 Innocentium.
543 3031 638 3087 Misso
660 3032 832 3106 capitularis
852 3032 886 3088 dc
908 3031 1079 3102 Notivz'iute,
1094 3040 1128 3088 ut
1146 3051 1237 3107 supra
1252 3032 1287 3088 ia

72 3117 125 3173 dia
139 3115 234 3172 sancti
247 3112 388 3188 Stephani
399 3121 526 3171 rectatur.
566 3110 705 3186 Officium.
749 3112 829 3168 Puer
842 3118 939 3169 natus.
983 3113 1127 3169 Memorio
1141 3114 1175 3169 dc
1189 3121 1286 3169 sancto

72 3195 225 3270 Stephano
238 3204 265 3252 et
278 3196 313 3251 de
326 3203 423 3251 sancto
436 3192 580 3265 Jolioime,
597 3201 622 3250 ct
636 3202 726 3250 cetero
738 3202 773 3249 ut
786 3192 996 3268 supra—MS.
1013 3189 1065 3272 D]

405 3364 445 3421 Iu
464 3381 519 3421 nm
539 3380 719 3422 saxonorum
739 3365 963 3426 quocnurmn.

143 3516 342 3599 [Priorasuctd
350 3519 535 3594 processione,
551 3519 578 3575 si
590 3517 861 3592 Dominicufuerit‚
877 3518 1009 3576 omnibus
1024 3519 1126 3592 pueris
1139 3517 1173 3574 iu
1187 3516 1286 3594 Cupis,

78 3602 245 3658 Praecentor
258 3600 377 3657 illorum
389 3599 630 3674 incipiat—MS.
647 3596 700 3678 D.]

143 3697 193 3753 Ad
206 3696 339 3753 Missum.
383 3696 522 3770 Officium.

144 3778 194 3834 Ex
207 3797 257 3835 ore
271 3777 442 3849 infantium,
458 3777 548 3840 Deus,
565 3782 595 3833 et
615 3775 789 3834 lactentium
810 3774 958 3853 perfecisti
971 3774 1088 3833 laudem
1101 3781 1221 3852 propter
1234 3777 1289 3833 ini-

77 3861 174 3917 micos
187 3866 266 3917 tuos.

144 3940 290 3996 Paulmua
758 3975 760 3980 ,

144 4021 273 4077 Domine
288 4019 434 4077 Dominus
454 4024 572 4076 noster:
592 4037 682 4094 quarn
700 4018 874 4076 admirabile
893 4023 938 4076 est
952 4036 1060 4076 nomen
1073 4024 1160 4078 tuum
1178 4019 1211 4077 in
1224 4019 1289 4077 uni-

79 4121 169 4159 versa
181 4107 269 4159 terra.
781 4132 783 4137 >

144 4180 262 4263 [Kyrie
278 4180 382 4239 aulica
395 4180 559 4238 Puerorum
575 4186 701 4237 caterva.
805 4237 809 4243 ,
872 4204 875 4210 “

146 4261 288 4321 Omnibus
306 4262 410 4338 pueris
422 4262 456 4318 in
475 4261 568 4318 aredio
583 4259 674 4319 Oiai

83 4344 226 4419 Episcopo
239 4362 338 4401 eorum
351 4342 516 4399 interimite
530 4339 680 4399 comatre«

556 4521 568 4548 ⁴¹
584 4518 638 4573 MS,
651 4516 700 4568 D.-
