2926 4996
495 422 497 427 ,
518 357 621 424 Fortu
641 357 684 424 ot.
702 366 779 444 post
800 358 938 425 Pascha.

489 526 628 602 Anguem
643 525 721 583 forat
732 527 765 583 in
779 526 901 584 maxilla

491 605 626 664 Christus
640 607 744 664 hamus
758 613 788 664 et
802 606 918 665 armilla
926 624 937 680 ς

532 687 571 744 Ιιι
585 707 709 746 caverna
722 688 817 764 reguli

491 766 618 826 Manum
630 768 727 825 mittit
740 768 912 847 ablactatus,
1011 809 1018 818 -

492 849 533 906 Et
546 848 587 907 sic
601 849 678 925 fugit
691 850 867 906 exturbatus

532 928 629 986 Vetus
642 929 746 1005 hospes
759 929 865 988 soeculi.

492 1010 630 1068 Irrisores
645 1010 768 1067 Helisaei
929 1010 962 1076 ᾖ

493 1090 568 1148 (lum
582 1091 750 1149 conscendit
763 1090 884 1149 domum
899 1091 967 1165 Dei,

532 1171 637 1229 Zelum
650 1171 726 1229 calvi
742 1173 882 1233 sentiunt.

492 1251 591 1310 David
606 1252 785 1328 arreptitius,

492 1332 605 1390 Hircus
618 1333 793 1404 emissarius,

533 1413 574 1470 Et
587 1433 685 1490 passer
698 1414 852 1490 effugiunt.

493 1494 533 1551 In
546 1494 667 1551 maxilla
680 1494 761 1552 mille
775 1494 889 1568 sternit,

492 1575 534 1634 Et
547 1575 584 1632 de
597 1575 678 1631 tribu
693 1594 745 1632 sua
758 1575 871 1651 spernit

533 1655 676 1731 Sampson
688 1657 918 1714 matrimonium.
971 1698 973 1704 ι

493 1735 635 1812 Sampson
650 1735 736 1793 Gazae
749 1756 827 1794 seras
840 1737 953 1813 pandit,

493 1817 535 1874 Et
548 1822 700 1892 asportans
713 1823 812 1894 portas
825 1818 940 1875 scandit

534 1898 648 1955 Montis
661 1897 857 1974 supercilium.

493 1977 542 2036 Sic
555 1978 591 2036 de
604 1979 626 2036 J
627 1978 686 2035 uda
698 1978 744 2036 leo
757 1979 850 2051 fortis,

493 2059 608 2117 Fractis
620 2059 713 2135 portis
726 2059 797 2117 dira
811 2059 924 2132 mortis,

534 2140 593 2197 Die
606 2159 727 2216 surgens
739 2140 837 2198 tertia

493 2220 643 2297 Rugiente
656 2240 726 2278 voce
743 2220 848 2289 Patris,

492 2301 545 2358 Ad
558 2320 690 2378 supernae
704 2301 802 2360 sinum
815 2301 919 2360 matris

533 2382 591 2439 Tot
604 2382 720 2440 revexit
733 2382 834 2458 spolia.

493 2461 584 2520 Cetus
597 2463 619 2521 J
620 2483 707 2520 onam
720 2463 888 2540 fugitivum,

494 2543 570 2601 Veri
583 2544 605 2601 J
606 2563 669 2601 onae
683 2544 871 2620 signativum,

494 2624 566 2682 Post
580 2631 641 2682 tres
653 2624 715 2682 dies
728 2625 826 2683 reddit
838 2626 941 2683 vivum

533 2705 581 2762 De
595 2705 706 2763 ventris
719 2706 864 2782 angustia.

494 2786 604 2843 Botrus
618 2786 710 2862 Cypri
723 2787 889 2859 reflorescit,

494 2866 656 2938 Dilatatur,
672 2873 703 2924 et
716 2868 877 2939 excrescit3

494 2946 654 3024 Synagogae
668 2948 720 3004 flos
733 2948 894 3021 marcescit,

533 3028 575 3085 Et
587 3029 673 3085 floret
686 3028 823 3086 Ecclesia

494 3107 578 3166 Mors
592 3115 622 3166 et
636 3109 698 3166 vita
712 3109 879 3182 conflixere,

493 3188 670 3247 Resurrexit
683 3190 819 3248 Christus
831 3209 918 3263 vere;

493 3269 615 3328 Etcum
629 3270 747 3328 Christo
760 3289 913 3329 surrexere

535 3350 630 3409 Multi
642 3357 732 3409 testes
745 3351 854 3427 gloriae.

493 3430 585 3489 Mane
598 3451 718 3504 novum,
733 3450 820 3490 mane
833 3431 943 3503 laetum,

492 3511 707 3588 Vospcrtinum
720 3516 817 3589 tergat
830 3512 953 3584 fletum;

494 3593 573 3663 Quia
585 3591 663 3650 Vita
675 3594 749 3651 vicit
761 3593 865 3667 letum,

533 3673 662 3750 Tempus
675 3680 720 3732 est
732 3674 853 3732 laetitiae.

492 3755 515 3813 J
516 3774 566 3812 esu
579 3756 683 3827 victor,
697 3755 720 3814 J
721 3775 772 3813 esu
784 3755 857 3827 vita,

493 3835 567 3894 Jesu
580 3836 650 3894 vicae
663 3835 713 3894 via
725 3837 807 3908 tnta,

494 3916 585 3992 Cujus
598 3923 694 3975 morte
707 3936 786 3975 mors
799 3916 902 3993 sopite,

491 3996 543 4056 Ad
556 3997 720 4073 paschalem
733 4017 787 4056 nos
800 3997 897 4056 invita

532 4078 669 4137 Mensam
682 4098 749 4137 cum
762 4079 877 4137 fiducia.

493 4159 573 4218 Vive
586 4160 678 4236 panis,
694 4160 785 4217 vivax
798 4160 888 4233 unda,

491 4239 574 4299 Vera
585 4240 657 4299 vitis
670 4246 700 4299 et
712 4241 846 4313 fecunda,

492 4321 539 4379 Tu
552 4342 606 4381 nos
619 4341 712 4398 pasce,
726 4327 762 4380 tu
775 4341 829 4379 nos
842 4320 963 4393 munda,

492 4401 540 4461 Ut
553 4422 571 4460 a
583 4409 678 4461 morte
691 4422 744 4460 nos
758 4402 885 4461 secunda

532 4482 596 4541 Tua
609 4483 703 4542 salvet
715 4484 819 4561 gratia
858 4483 967 4543 Amen.
