<?xml version="1.0" encoding="UTF-8"?>
<!DOCTYPE html PUBLIC "-//W3C//DTD XHTML 1.0 Transitional//EN"
    "http://www.w3.org/TR/xhtml1/DTD/xhtml1-transitional.dtd">
<html xmlns="http://www.w3.org/1999/xhtml" xml:lang="en" lang="en">
 <head>
  <title>
</title>
<meta http-equiv="Content-Type" content="text/html;charset=utf-8" />
  <meta name='ocr-system' content='tesseract 3.04.00' />
  <meta name='ocr-capabilities' content='ocr_page ocr_carea ocr_par ocr_line ocrx_word'/>
</head>
<body>
  <div class='ocr_page' id='page_1' title='image "./missaleadusumin00churgoog_0061.png"; bbox 0 0 2926 4996; ppageno 0'>
   <div class='ocr_carea' id='block_1_1' title="bbox 182 365 1155 458">
    <p class='ocr_par' dir='ltr' id='par_1_1' title="bbox 182 365 1155 458">
     <span class='ocr_line' id='line_1_1' title="bbox 182 365 1155 458; baseline -0.004 -16"><span class='ocrx_word' id='word_1_1' title='bbox 182 365 211 453; x_wconf 46' lang='lat' dir='ltr'>,s</span> <span class='ocrx_word' id='word_1_2' title='bbox 420 375 559 442; x_wconf 81' lang='lat' dir='ltr'>Sabbato</span> <span class='ocrx_word' id='word_1_3' title='bbox 577 375 742 456; x_wconf 79' lang='lat' dir='ltr'>Quattuor</span> <span class='ocrx_word' id='word_1_4' title='bbox 758 374 958 458; x_wconf 87' lang='lat' dir='ltr'>Temporum</span> <span class='ocrx_word' id='word_1_5' title='bbox 972 373 1155 439; x_wconf 75' lang='lat' dir='ltr'><em>Adventus.</em></span> 
     </span>
    </p>
   </div>
   <div class='ocr_carea' id='block_1_2' title="bbox 184 543 1457 3366">
    <p class='ocr_par' dir='ltr' id='par_1_2' title="bbox 251 543 430 604">
     <span class='ocr_line' id='line_1_2' title="bbox 251 543 430 604; baseline -0.022 0"><span class='ocrx_word' id='word_1_6' title='bbox 251 543 430 604; x_wconf 74' lang='lat' dir='ltr'>Communia.</span> 
     </span>
    </p>

    <p class='ocr_par' dir='ltr' id='par_1_3' title="bbox 191 623 1391 781">
     <span class='ocr_line' id='line_1_3' title="bbox 251 623 1391 699; baseline 0 -17"><span class='ocrx_word' id='word_1_7' title='bbox 251 626 326 682; x_wconf 85' lang='lat' dir='ltr'>Ecce</span> <span class='ocrx_word' id='word_1_8' title='bbox 340 625 486 682; x_wconf 80' lang='lat' dir='ltr'><strong>Dominus</strong></span> <span class='ocrx_word' id='word_1_9' title='bbox 498 623 607 696; x_wconf 86' lang='lat' dir='ltr'>veniet,</span> <span class='ocrx_word' id='word_1_10' title='bbox 619 630 650 681; x_wconf 92' lang='lat' dir='ltr'>et</span> <span class='ocrx_word' id='word_1_11' title='bbox 663 642 763 680; x_wconf 90' lang='lat' dir='ltr'>omnes</span> <span class='ocrx_word' id='word_1_12' title='bbox 776 624 871 681; x_wconf 84' lang='lat' dir='ltr'>suncti</span> <span class='ocrx_word' id='word_1_13' title='bbox 884 623 947 699; x_wconf 84' lang='lat' dir='ltr'>ejus</span> <span class='ocrx_word' id='word_1_14' title='bbox 961 641 1029 679; x_wconf 91' lang='lat' dir='ltr'>cum</span> <span class='ocrx_word' id='word_1_15' title='bbox 1041 641 1076 680; x_wconf 91' lang='lat' dir='ltr'>eo</span> <span class='ocrx_word' id='word_1_16' title='bbox 1089 645 1096 682; x_wconf 77' lang='grc' dir='ltr'><em>ι</em></span> <span class='ocrx_word' id='word_1_17' title='bbox 1116 629 1147 681; x_wconf 89' lang='lat' dir='ltr'>et</span> <span class='ocrx_word' id='word_1_18' title='bbox 1160 623 1219 681; x_wconf 87' lang='lat' dir='ltr'>erit</span> <span class='ocrx_word' id='word_1_19' title='bbox 1230 623 1264 680; x_wconf 91' lang='lat' dir='ltr'>in</span> <span class='ocrx_word' id='word_1_20' title='bbox 1277 624 1327 682; x_wconf 87' lang='lat' dir='ltr'>die</span> <span class='ocrx_word' id='word_1_21' title='bbox 1340 625 1391 682; x_wconf 87' lang='lat' dir='ltr'>ills</span> 
     </span>
     <span class='ocr_line' id='line_1_4' title="bbox 191 707 372 781; baseline -0.011 -19"><span class='ocrx_word' id='word_1_22' title='bbox 191 707 243 763; x_wconf 90' lang='lat' dir='ltr'>lux</span> <span class='ocrx_word' id='word_1_23' title='bbox 257 725 372 781; x_wconf 83' lang='lat' dir='ltr'>magna.</span> 
     </span>
    </p>

    <p class='ocr_par' dir='ltr' id='par_1_4' title="bbox 251 786 492 844">
     <span class='ocr_line' id='line_1_5' title="bbox 251 786 492 844; baseline 0.004 -1"><span class='ocrx_word' id='word_1_24' title='bbox 251 786 492 844; x_wconf 88' lang='lat' dir='ltr'>Postcommunio.</span> 
     </span>
    </p>

    <p class='ocr_par' dir='ltr' id='par_1_5' title="bbox 191 865 1390 1025">
     <span class='ocr_line' id='line_1_6' title="bbox 252 865 1390 939; baseline 0 -14"><span class='ocrx_word' id='word_1_25' title='bbox 252 867 309 925; x_wconf 85' lang='lat' dir='ltr'>Tui</span> <span class='ocrx_word' id='word_1_26' title='bbox 329 887 383 925; x_wconf 89' lang='lat' dir='ltr'>nos</span> <span class='ocrx_word' id='word_1_27' title='bbox 401 868 530 925; x_wconf 83' lang='lat' dir='ltr'>Domine</span> <span class='ocrx_word' id='word_1_28' title='bbox 546 867 722 925; x_wconf 70' lang='lat' dir='ltr'>sacramenti</span> <span class='ocrx_word' id='word_1_29' title='bbox 741 865 845 924; x_wconf 85' lang='lat' dir='ltr'>libatio</span> <span class='ocrx_word' id='word_1_30' title='bbox 863 871 965 923; x_wconf 84' lang='lat' dir='ltr'>sancta</span> <span class='ocrx_word' id='word_1_31' title='bbox 983 872 1128 924; x_wconf 73' lang='lat' dir='ltr'>restauret</span> <span class='ocrx_word' id='word_1_32' title='bbox 1136 886 1146 939; x_wconf 89' lang='lat'>;</span> <span class='ocrx_word' id='word_1_33' title='bbox 1167 871 1197 924; x_wconf 88' lang='lat' dir='ltr'>et</span> <span class='ocrx_word' id='word_1_34' title='bbox 1210 887 1228 923; x_wconf 85' lang='lat' dir='ltr'>s</span> <span class='ocrx_word' id='word_1_35' title='bbox 1240 872 1390 925; x_wconf 75' lang='lat' dir='ltr'>vetustate</span> 
     </span>
     <span class='ocr_line' id='line_1_7' title="bbox 191 947 1388 1025; baseline 0 -19"><span class='ocrx_word' id='word_1_36' title='bbox 191 956 331 1025; x_wconf 83' lang='lat' dir='ltr'>purgatos</span> <span class='ocrx_word' id='word_1_37' title='bbox 344 949 376 1005; x_wconf 93' lang='lat' dir='ltr'>in</span> <span class='ocrx_word' id='word_1_38' title='bbox 390 948 524 1024; x_wconf 85' lang='lat' dir='ltr'>mysterii</span> <span class='ocrx_word' id='word_1_39' title='bbox 538 948 674 1005; x_wconf 83' lang='lat' dir='ltr'>salutaris</span> <span class='ocrx_word' id='word_1_40' title='bbox 687 947 776 1004; x_wconf 85' lang='lat' dir='ltr'>faciat</span> <span class='ocrx_word' id='word_1_41' title='bbox 789 948 915 1004; x_wconf 82' lang='lat' dir='ltr'>transire</span> <span class='ocrx_word' id='word_1_42' title='bbox 926 948 1113 1004; x_wconf 87' lang='lat' dir='ltr'>consortium.</span> <span class='ocrx_word' id='word_1_43' title='bbox 1146 948 1205 1005; x_wconf 85' lang='lat' dir='ltr'>Per</span> <span class='ocrx_word' id='word_1_44' title='bbox 1216 947 1388 1006; x_wconf 89' lang='lat' dir='ltr'>Dominum.</span> 
     </span>
    </p>

    <p class='ocr_par' dir='ltr' id='par_1_6' title="bbox 184 1027 1457 3366">
     <span class='ocr_line' id='line_1_8' title="bbox 251 1027 1391 1105; baseline 0.002 -19"><span class='ocrx_word' id='word_1_45' title='bbox 251 1029 426 1087; x_wconf 86' lang='lat' dir='ltr'>Notandum</span> <span class='ocrx_word' id='word_1_46' title='bbox 441 1050 505 1086; x_wconf 90' lang='lat' dir='ltr'>vero</span> <span class='ocrx_word' id='word_1_47' title='bbox 522 1030 599 1104; x_wconf 86' lang='lat' dir='ltr'>quod</span> <span class='ocrx_word' id='word_1_48' title='bbox 616 1029 643 1086; x_wconf 90' lang='lat' dir='ltr'>si</span> <span class='ocrx_word' id='word_1_49' title='bbox 667 1028 774 1102; x_wconf 79' lang='lat' dir='ltr'>Vipilia</span> <span class='ocrx_word' id='word_1_50' title='bbox 791 1027 821 1085; x_wconf 82' lang='lat' dir='ltr'>S.</span> <span class='ocrx_word' id='word_1_51' title='bbox 840 1027 953 1084; x_wconf 88' lang='lat' dir='ltr'>Tbomoe</span> <span class='ocrx_word' id='word_1_52' title='bbox 967 1028 1011 1085; x_wconf 91' lang='lat' dir='ltr'>vel</span> <span class='ocrx_word' id='word_1_53' title='bbox 1022 1028 1150 1104; x_wconf 81' lang='lat' dir='ltr'>alicujus</span> <span class='ocrx_word' id='word_1_54' title='bbox 1164 1029 1287 1086; x_wconf 90' lang='lat' dir='ltr'>alterius</span> <span class='ocrx_word' id='word_1_55' title='bbox 1302 1029 1391 1105; x_wconf 81' lang='lat' dir='ltr'>Apos-</span> 
     </span>
     <span class='ocr_line' id='line_1_9' title="bbox 192 1107 1388 1185; baseline 0.003 -20"><span class='ocrx_word' id='word_1_56' title='bbox 192 1111 243 1167; x_wconf 87' lang='lat' dir='ltr'>toli</span> <span class='ocrx_word' id='word_1_57' title='bbox 269 1111 303 1167; x_wconf 90' lang='lat' dir='ltr'>iu</span> <span class='ocrx_word' id='word_1_58' title='bbox 329 1109 488 1167; x_wconf 90' lang='lat' dir='ltr'>Dominica</span> <span class='ocrx_word' id='word_1_59' title='bbox 519 1109 674 1183; x_wconf 65' lang='lat' dir='ltr'>canduerit,</span> <span class='ocrx_word' id='word_1_60' title='bbox 703 1110 799 1166; x_wconf 88' lang='lat' dir='ltr'>Missa</span> <span class='ocrx_word' id='word_1_61' title='bbox 832 1110 866 1166; x_wconf 92' lang='lat' dir='ltr'>de</span> <span class='ocrx_word' id='word_1_62' title='bbox 900 1107 1007 1183; x_wconf 77' lang='lat' dir='ltr'>Vipilia</span> <span class='ocrx_word' id='word_1_63' title='bbox 1039 1109 1194 1166; x_wconf 88' lang='lat' dir='ltr'>dicetur</span> <span class='ocrx_word' id='word_1_64' title='bbox 1181 1130 1215 1166; x_wconf 83' lang='lat' dir='ltr'>vn</span> <span class='ocrx_word' id='word_1_65' title='bbox 1243 1108 1388 1185; x_wconf 80' lang='lat' dir='ltr'>Capitale,</span> 
     </span>
     <span class='ocr_line' id='line_1_10' title="bbox 191 1189 1391 1266; baseline 0 -18"><span class='ocrx_word' id='word_1_66' title='bbox 191 1190 295 1248; x_wconf 81' lang='lat' dir='ltr'>scilicet</span> <span class='ocrx_word' id='word_1_67' title='bbox 313 1192 353 1247; x_wconf 84' lang='lat' dir='ltr'>acl</span> <span class='ocrx_word' id='word_1_68' title='bbox 366 1190 467 1247; x_wconf 81' lang='lat' dir='ltr'>Altare</span> <span class='ocrx_word' id='word_1_69' title='bbox 483 1191 650 1266; x_wconf 90' lang='lat' dir='ltr'>capitulare.</span> <span class='ocrx_word' id='word_1_70' title='bbox 704 1189 739 1247; x_wconf 80' lang='lat' dir='ltr'>Si</span> <span class='ocrx_word' id='word_1_71' title='bbox 752 1210 816 1247; x_wconf 89' lang='lat' dir='ltr'>vero</span> <span class='ocrx_word' id='word_1_72' title='bbox 830 1190 932 1264; x_wconf 88' lang='lat' dir='ltr'>aliqua</span> <span class='ocrx_word' id='word_1_73' title='bbox 946 1190 1008 1246; x_wconf 79' lang='grc' dir='ltr'><em>αιια</em></span> <span class='ocrx_word' id='word_1_74' title='bbox 1027 1189 1117 1247; x_wconf 91' lang='lat' dir='ltr'>Feria</span> <span class='ocrx_word' id='word_1_75' title='bbox 1137 1190 1266 1262; x_wconf 86' lang='lat' dir='ltr'>evenerit,</span> <span class='ocrx_word' id='word_1_76' title='bbox 1283 1212 1391 1266; x_wconf 63' lang='lat' dir='ltr'>menna</span> 
     </span>
     <span class='ocr_line' id='line_1_11' title="bbox 191 1270 1389 1347; baseline 0.002 -21"><span class='ocrx_word' id='word_1_77' title='bbox 191 1271 286 1328; x_wconf 82' lang='lat' dir='ltr'>Missa</span> <span class='ocrx_word' id='word_1_78' title='bbox 304 1271 358 1328; x_wconf 90' lang='lat' dir='ltr'>erit</span> <span class='ocrx_word' id='word_1_79' title='bbox 378 1272 412 1328; x_wconf 89' lang='lat' dir='ltr'>de</span> <span class='ocrx_word' id='word_1_80' title='bbox 433 1271 547 1345; x_wconf 77' lang='lat' dir='ltr'>Vipilia.</span> <span class='ocrx_word' id='word_1_81' title='bbox 589 1270 688 1327; x_wconf 71' lang='lat' dir='ltr'>Era</span> <span class='ocrx_word' id='word_1_82' title='bbox 711 1270 819 1345; x_wconf 79' lang='lat' dir='ltr'>Vipilia</span> <span class='ocrx_word' id='word_1_83' title='bbox 835 1280 861 1327; x_wconf 92' lang='lat' dir='ltr'>et</span> <span class='ocrx_word' id='word_1_84' title='bbox 883 1270 1029 1340; x_wconf 90' lang='lat' dir='ltr'>Quattuor</span> <span class='ocrx_word' id='word_1_85' title='bbox 1047 1271 1189 1347; x_wconf 78' lang='lat' dir='ltr'>Tempora</span> <span class='ocrx_word' id='word_1_86' title='bbox 1206 1283 1389 1343; x_wconf 81' lang='lat' dir='ltr'>concurrant,</span> 
     </span>
     <span class='ocr_line' id='line_1_12' title="bbox 186 1351 1453 1428; baseline 0.002 -20"><span class='ocrx_word' id='word_1_87' title='bbox 186 1351 288 1426; x_wconf 88' lang='lat' dir='ltr'>prima</span> <span class='ocrx_word' id='word_1_88' title='bbox 301 1352 397 1409; x_wconf 87' lang='lat' dir='ltr'>Missa</span> <span class='ocrx_word' id='word_1_89' title='bbox 411 1353 465 1409; x_wconf 89' lang='lat' dir='ltr'>erit</span> <span class='ocrx_word' id='word_1_90' title='bbox 485 1354 519 1410; x_wconf 92' lang='lat' dir='ltr'>de</span> <span class='ocrx_word' id='word_1_91' title='bbox 543 1352 649 1426; x_wconf 78' lang='lat' dir='ltr'>Vipilia</span> <span class='ocrx_word' id='word_1_92' title='bbox 662 1362 688 1408; x_wconf 91' lang='lat' dir='ltr'>et</span> <span class='ocrx_word' id='word_1_93' title='bbox 704 1352 830 1409; x_wconf 89' lang='lat' dir='ltr'>secunda</span> <span class='ocrx_word' id='word_1_94' title='bbox 843 1353 877 1408; x_wconf 91' lang='lat' dir='ltr'>de</span> <span class='ocrx_word' id='word_1_95' title='bbox 896 1351 1041 1421; x_wconf 90' lang='lat' dir='ltr'>Quattuor</span> <span class='ocrx_word' id='word_1_96' title='bbox 1057 1351 1251 1426; x_wconf 77' lang='lat' dir='ltr'>Temporibus,</span> <span class='ocrx_word' id='word_1_97' title='bbox 1267 1362 1302 1409; x_wconf 91' lang='lat' dir='ltr'>ut</span> <span class='ocrx_word' id='word_1_98' title='bbox 1302 1373 1392 1428; x_wconf 81' lang='lat' dir='ltr'>ruque</span> <span class='ocrx_word' id='word_1_99' title='bbox 1449 1363 1453 1369; x_wconf 82' lang='grc'><strong>’</strong></span> 
     </span>
     <span class='ocr_line' id='line_1_13' title="bbox 191 1431 1390 1507; baseline 0.002 -19"><span class='ocrx_word' id='word_1_100' title='bbox 191 1453 270 1506; x_wconf 78' lang='lat' dir='ltr'>reque</span> <span class='ocrx_word' id='word_1_101' title='bbox 290 1432 462 1490; x_wconf 78' lang='lat' dir='ltr'>sollemniter</span> <span class='ocrx_word' id='word_1_102' title='bbox 482 1434 523 1490; x_wconf 89' lang='lat' dir='ltr'>od</span> <span class='ocrx_word' id='word_1_103' title='bbox 542 1454 684 1507; x_wconf 80' lang='lat' dir='ltr'>mapuum</span> <span class='ocrx_word' id='word_1_104' title='bbox 703 1431 812 1490; x_wconf 83' lang='lat' dir='ltr'>Altare.</span> <span class='ocrx_word' id='word_1_105' title='bbox 859 1431 901 1488; x_wconf 84' lang='lat' dir='ltr'>Ft</span> <span class='ocrx_word' id='word_1_106' title='bbox 924 1433 965 1490; x_wconf 88' lang='lat' dir='ltr'>od</span> <span class='ocrx_word' id='word_1_107' title='bbox 988 1431 1115 1489; x_wconf 88' lang='lat' dir='ltr'>Missam</span> <span class='ocrx_word' id='word_1_108' title='bbox 1137 1433 1172 1490; x_wconf 92' lang='lat' dir='ltr'>de</span> <span class='ocrx_word' id='word_1_109' title='bbox 1203 1431 1313 1507; x_wconf 78' lang='lat' dir='ltr'>Vipilia</span> <span class='ocrx_word' id='word_1_110' title='bbox 1335 1435 1390 1492; x_wconf 88' lang='lat' dir='ltr'>erit</span> 
     </span>
     <span class='ocr_line' id='line_1_14' title="bbox 191 1512 1392 1590; baseline 0.002 -21"><span class='ocrx_word' id='word_1_111' title='bbox 191 1514 319 1570; x_wconf 89' lang='lat' dir='ltr'>secunda</span> <span class='ocrx_word' id='word_1_112' title='bbox 347 1513 448 1570; x_wconf 90' lang='lat' dir='ltr'>Oratio</span> <span class='ocrx_word' id='word_1_113' title='bbox 473 1515 556 1571; x_wconf 90' lang='lat' dir='ltr'>Deus</span> <span class='ocrx_word' id='word_1_114' title='bbox 580 1516 633 1589; x_wconf 90' lang='lat' dir='ltr'>qui</span> <span class='ocrx_word' id='word_1_115' title='bbox 658 1514 799 1584; x_wconf 84' lang='lat' dir='ltr'>caritatis,</span> <span class='ocrx_word' id='word_1_116' title='bbox 822 1520 847 1570; x_wconf 92' lang='lat' dir='ltr'>et</span> <span class='ocrx_word' id='word_1_117' title='bbox 871 1512 957 1570; x_wconf 89' lang='lat' dir='ltr'>tertia</span> <span class='ocrx_word' id='word_1_118' title='bbox 980 1512 1081 1570; x_wconf 89' lang='lat' dir='ltr'>Oratio</span> <span class='ocrx_word' id='word_1_119' title='bbox 1106 1513 1161 1570; x_wconf 88' lang='lat' dir='ltr'>erit</span> <span class='ocrx_word' id='word_1_120' title='bbox 1184 1513 1267 1571; x_wconf 89' lang='lat' dir='ltr'>Deus</span> <span class='ocrx_word' id='word_1_121' title='bbox 1291 1533 1310 1571; x_wconf 82' lang='lat' dir='ltr'>a</span> <span class='ocrx_word' id='word_1_122' title='bbox 1335 1534 1392 1590; x_wconf 92' lang='lat' dir='ltr'>quo</span> 
     </span>
     <span class='ocr_line' id='line_1_15' title="bbox 191 1593 1457 1687; baseline 0.002 -37"><span class='ocrx_word' id='word_1_123' title='bbox 191 1600 298 1651; x_wconf 82' lang='lat' dir='ltr'>sancta.</span> <span class='ocrx_word' id='word_1_124' title='bbox 321 1593 674 1664; x_wconf 83' lang='lat' dir='ltr'>FtadblissnmdeQuat</span> <span class='ocrx_word' id='word_1_125' title='bbox 676 1593 996 1687; x_wconf 81' lang='lat' dir='ltr'>tuorTemporibaserit</span> <span class='ocrx_word' id='word_1_126' title='bbox 985 1595 1130 1651; x_wconf 88' lang='lat' dir='ltr'>tsecauda</span> <span class='ocrx_word' id='word_1_127' title='bbox 1139 1594 1199 1652; x_wconf 90' lang='lat' dir='ltr'>Ora</span> <span class='ocrx_word' id='word_1_128' title='bbox 1201 1595 1394 1653; x_wconf 87' lang='lat' dir='ltr'>tiodesaucta</span> <span class='ocrx_word' id='word_1_129' title='bbox 1455 1669 1457 1674; x_wconf 25' lang='grc' dir='ltr'>Ι</span> 
     </span>
     <span class='ocr_line' id='line_1_16' title="bbox 190 1673 1396 1749; baseline 0.005 -21"><span class='ocrx_word' id='word_1_130' title='bbox 190 1673 302 1745; x_wconf 82' lang='lat' dir='ltr'>Maria,</span> <span class='ocrx_word' id='word_1_131' title='bbox 326 1684 385 1732; x_wconf 81' lang='grc' dir='ltr'>αιι</span> <span class='ocrx_word' id='word_1_132' title='bbox 385 1676 458 1732; x_wconf 91' lang='lat' dir='ltr'>ertia</span> <span class='ocrx_word' id='word_1_133' title='bbox 416 1677 514 1732; x_wconf 91' lang='lat' dir='ltr'>tde</span> <span class='ocrx_word' id='word_1_134' title='bbox 533 1676 665 1733; x_wconf 88' lang='lat' dir='ltr'>omnibus</span> <span class='ocrx_word' id='word_1_135' title='bbox 683 1674 804 1732; x_wconf 77' lang='lat' dir='ltr'>Sanctis</span> <span class='ocrx_word' id='word_1_136' title='bbox 848 1674 890 1732; x_wconf 95' lang='lat' dir='ltr'>In</span> <span class='ocrx_word' id='word_1_137' title='bbox 910 1674 1072 1732; x_wconf 77' lang='lat' dir='ltr'>mineribus</span> <span class='ocrx_word' id='word_1_138' title='bbox 1092 1695 1157 1732; x_wconf 90' lang='lat' dir='ltr'>vero</span> <span class='ocrx_word' id='word_1_139' title='bbox 1177 1674 1322 1749; x_wconf 80' lang='lat' dir='ltr'>Ecclesiis,</span> <span class='ocrx_word' id='word_1_140' title='bbox 1345 1677 1396 1734; x_wconf 87' lang='lat' dir='ltr'>ubi</span> 
     </span>
     <span class='ocr_line' id='line_1_17' title="bbox 193 1755 1391 1832; baseline 0.003 -21"><span class='ocrx_word' id='word_1_141' title='bbox 193 1765 256 1812; x_wconf 93' lang='lat' dir='ltr'>tant</span> <span class='ocrx_word' id='word_1_142' title='bbox 256 1776 308 1812; x_wconf 88' lang='lat' dir='ltr'>arn</span> <span class='ocrx_word' id='word_1_143' title='bbox 321 1755 442 1813; x_wconf 82' lang='lat' dir='ltr'>babetur</span> <span class='ocrx_word' id='word_1_144' title='bbox 454 1777 535 1813; x_wconf 91' lang='lat' dir='ltr'>unus</span> <span class='ocrx_word' id='word_1_145' title='bbox 549 1755 638 1831; x_wconf 81' lang='lat' dir='ltr'>Oapel</span> <span class='ocrx_word' id='word_1_146' title='bbox 637 1757 724 1813; x_wconf 89' lang='lat' dir='ltr'>lanus</span> <span class='ocrx_word' id='word_1_147' title='bbox 743 1757 822 1812; x_wconf 91' lang='lat' dir='ltr'>dicat</span> <span class='ocrx_word' id='word_1_148' title='bbox 812 1765 861 1812; x_wconf 91' lang='lat' dir='ltr'>tur</span> <span class='ocrx_word' id='word_1_149' title='bbox 875 1755 969 1813; x_wconf 89' lang='lat' dir='ltr'>Missa</span> <span class='ocrx_word' id='word_1_150' title='bbox 983 1757 1017 1812; x_wconf 93' lang='lat' dir='ltr'>de</span> <span class='ocrx_word' id='word_1_151' title='bbox 1033 1755 1178 1826; x_wconf 88' lang='lat' dir='ltr'>Quattuor</span> <span class='ocrx_word' id='word_1_152' title='bbox 1194 1755 1391 1832; x_wconf 71' lang='lat' dir='ltr'>Tenurom&#39;bus,</span> 
     </span>
     <span class='ocr_line' id='line_1_18' title="bbox 191 1835 1394 1911; baseline 0.003 -19"><span class='ocrx_word' id='word_1_153' title='bbox 191 1845 217 1891; x_wconf 90' lang='lat' dir='ltr'>et</span> <span class='ocrx_word' id='word_1_154' title='bbox 230 1846 295 1911; x_wconf 92' lang='lat' dir='ltr'>post</span> <span class='ocrx_word' id='word_1_155' title='bbox 284 1835 437 1894; x_wconf 88' lang='lat' dir='ltr'>tMissam</span> <span class='ocrx_word' id='word_1_156' title='bbox 456 1841 516 1911; x_wconf 91' lang='grc' dir='ltr'><em>βαι</em></span> <span class='ocrx_word' id='word_1_157' title='bbox 536 1838 674 1895; x_wconf 71' lang='lat' dir='ltr'>anemoria</span> <span class='ocrx_word' id='word_1_158' title='bbox 696 1857 761 1894; x_wconf 89' lang='lat' dir='ltr'>cam</span> <span class='ocrx_word' id='word_1_159' title='bbox 784 1845 839 1894; x_wconf 93' lang='lat' dir='ltr'>toto</span> <span class='ocrx_word' id='word_1_160' title='bbox 859 1836 955 1910; x_wconf 82' lang='lat' dir='ltr'>Officio</span> <span class='ocrx_word' id='word_1_161' title='bbox 973 1835 1072 1893; x_wconf 74' lang='lat' dir='ltr'>Missae</span> <span class='ocrx_word' id='word_1_162' title='bbox 1094 1838 1128 1894; x_wconf 93' lang='lat' dir='ltr'>de</span> <span class='ocrx_word' id='word_1_163' title='bbox 1149 1837 1262 1911; x_wconf 75' lang='lat' dir='ltr'>Vipilia.</span> <span class='ocrx_word' id='word_1_164' title='bbox 1306 1837 1394 1896; x_wconf 82' lang='lat' dir='ltr'>Etsi</span> 
     </span>
     <span class='ocr_line' id='line_1_19' title="bbox 191 1917 1390 1993; baseline 0.003 -21"><span class='ocrx_word' id='word_1_165' title='bbox 191 1917 310 1974; x_wconf 78' lang='lat' dir='ltr'>Festum</span> <span class='ocrx_word' id='word_1_166' title='bbox 329 1918 421 1974; x_wconf 89' lang='lat' dir='ltr'>trium</span> <span class='ocrx_word' id='word_1_167' title='bbox 438 1917 608 1976; x_wconf 74' lang='lat' dir='ltr'>Lectionum</span> <span class='ocrx_word' id='word_1_168' title='bbox 628 1919 662 1974; x_wconf 92' lang='lat' dir='ltr'>in</span> <span class='ocrx_word' id='word_1_169' title='bbox 677 1918 780 1991; x_wconf 84' lang='lat' dir='ltr'>aliqua</span> <span class='ocrx_word' id='word_1_170' title='bbox 798 1917 887 1974; x_wconf 90' lang='lat' dir='ltr'>Feria</span> <span class='ocrx_word' id='word_1_171' title='bbox 903 1917 1048 1988; x_wconf 89' lang='lat' dir='ltr'>Quattuor</span> <span class='ocrx_word' id='word_1_172' title='bbox 1067 1917 1241 1993; x_wconf 90' lang='lat' dir='ltr'>Temporum</span> <span class='ocrx_word' id='word_1_173' title='bbox 1260 1919 1390 1991; x_wconf 85' lang='lat' dir='ltr'>evenerit,</span> 
     </span>
     <span class='ocr_line' id='line_1_20' title="bbox 184 1998 1395 2073; baseline 0.003 -20"><span class='ocrx_word' id='word_1_174' title='bbox 184 2000 244 2070; x_wconf 87' lang='grc' dir='ltr'><em>βαι</em></span> <span class='ocrx_word' id='word_1_175' title='bbox 257 1999 396 2055; x_wconf 77' lang='lat' dir='ltr'>memmio</span> <span class='ocrx_word' id='word_1_176' title='bbox 410 2007 526 2056; x_wconf 89' lang='lat' dir='ltr'>tanturn</span> <span class='ocrx_word' id='word_1_177' title='bbox 540 2001 574 2057; x_wconf 92' lang='lat' dir='ltr'>de</span> <span class='ocrx_word' id='word_1_178' title='bbox 588 2000 683 2057; x_wconf 89' lang='lat' dir='ltr'>eodem</span> <span class='ocrx_word' id='word_1_179' title='bbox 692 2023 702 2057; x_wconf 91' lang='lat'>.·</span> <span class='ocrx_word' id='word_1_180' title='bbox 717 1998 818 2056; x_wconf 84' lang='lat' dir='ltr'>Oratio</span> <span class='ocrx_word' id='word_1_181' title='bbox 831 2019 895 2055; x_wconf 89' lang='lat' dir='ltr'>vero</span> <span class='ocrx_word' id='word_1_182' title='bbox 903 1998 1053 2073; x_wconf 88' lang='lat' dir='ltr'>pertinens</span> <span class='ocrx_word' id='word_1_183' title='bbox 1066 2000 1107 2055; x_wconf 93' lang='lat' dir='ltr'>ad</span> <span class='ocrx_word' id='word_1_184' title='bbox 1116 1999 1235 2056; x_wconf 78' lang='lat' dir='ltr'>Feriam</span> <span class='ocrx_word' id='word_1_185' title='bbox 1248 1999 1395 2069; x_wconf 76' lang='lat' dir='ltr'>Quattuor</span> 
     </span>
     <span class='ocr_line' id='line_1_21' title="bbox 195 2077 1395 2153; baseline 0.004 -20"><span class='ocrx_word' id='word_1_186' title='bbox 195 2077 368 2153; x_wconf 85' lang='lat' dir='ltr'>Temporurn</span> <span class='ocrx_word' id='word_1_187' title='bbox 386 2080 497 2137; x_wconf 91' lang='lat' dir='ltr'>dicetur</span> <span class='ocrx_word' id='word_1_188' title='bbox 511 2089 627 2137; x_wconf 89' lang='lat' dir='ltr'>tantum</span> <span class='ocrx_word' id='word_1_189' title='bbox 641 2081 681 2137; x_wconf 88' lang='lat' dir='ltr'>ad</span> <span class='ocrx_word' id='word_1_190' title='bbox 696 2079 827 2150; x_wconf 89' lang='lat' dir='ltr'>Missam,</span> <span class='ocrx_word' id='word_1_191' title='bbox 843 2081 923 2136; x_wconf 88' lang='lat' dir='ltr'>etad</span> <span class='ocrx_word' id='word_1_192' title='bbox 937 2078 1104 2136; x_wconf 86' lang='lat' dir='ltr'>Matutinus</span> <span class='ocrx_word' id='word_1_193' title='bbox 1117 2088 1142 2136; x_wconf 91' lang='lat' dir='ltr'>et</span> <span class='ocrx_word' id='word_1_194' title='bbox 1156 2080 1196 2136; x_wconf 89' lang='lat' dir='ltr'>ad</span> <span class='ocrx_word' id='word_1_195' title='bbox 1213 2080 1291 2136; x_wconf 88' lang='lat' dir='ltr'>alias</span> <span class='ocrx_word' id='word_1_196' title='bbox 1307 2080 1395 2138; x_wconf 83' lang='lat' dir='ltr'>boras</span> 
     </span>
     <span class='ocr_line' id='line_1_22' title="bbox 193 2159 1395 2232; baseline 0.004 -18"><span class='ocrx_word' id='word_1_197' title='bbox 193 2160 304 2216; x_wconf 86' lang='lat' dir='ltr'>dicetur</span> <span class='ocrx_word' id='word_1_198' title='bbox 326 2159 427 2218; x_wconf 89' lang='lat' dir='ltr'>Oratio</span> <span class='ocrx_word' id='word_1_199' title='bbox 444 2162 478 2218; x_wconf 92' lang='lat' dir='ltr'>de</span> <span class='ocrx_word' id='word_1_200' title='bbox 498 2160 661 2232; x_wconf 90' lang='lat' dir='ltr'>Dominica,</span> <span class='ocrx_word' id='word_1_201' title='bbox 677 2161 737 2217; x_wconf 87' lang='lat' dir='ltr'>nisi</span> <span class='ocrx_word' id='word_1_202' title='bbox 750 2162 784 2218; x_wconf 92' lang='lat' dir='ltr'>in</span> <span class='ocrx_word' id='word_1_203' title='bbox 800 2160 934 2217; x_wconf 78' lang='lat' dir='ltr'>Adventu</span> <span class='ocrx_word' id='word_1_204' title='bbox 954 2160 1085 2230; x_wconf 82' lang='lat' dir='ltr'>Domini,</span> <span class='ocrx_word' id='word_1_205' title='bbox 1100 2160 1152 2217; x_wconf 90' lang='lat' dir='ltr'>ubi</span> <span class='ocrx_word' id='word_1_206' title='bbox 1165 2160 1278 2217; x_wconf 90' lang='lat' dir='ltr'>dicetur</span> <span class='ocrx_word' id='word_1_207' title='bbox 1292 2160 1395 2219; x_wconf 71' lang='lat' dir='ltr'>Oratio</span> 
     </span>
     <span class='ocr_line' id='line_1_23' title="bbox 192 2240 1394 2317; baseline 0.002 -22"><span class='ocrx_word' id='word_1_208' title='bbox 192 2241 232 2296; x_wconf 90' lang='lat' dir='ltr'>ud</span> <span class='ocrx_word' id='word_1_209' title='bbox 259 2240 384 2307; x_wconf 85' lang='lat' dir='ltr'>Missam</span> <span class='ocrx_word' id='word_1_210' title='bbox 411 2262 475 2316; x_wconf 73' lang='lat' dir='ltr'>qaue</span> <span class='ocrx_word' id='word_1_211' title='bbox 502 2244 543 2299; x_wconf 90' lang='lat' dir='ltr'>ad</span> <span class='ocrx_word' id='word_1_212' title='bbox 569 2242 744 2299; x_wconf 84' lang='lat' dir='ltr'>Matutinus.</span> <span class='ocrx_word' id='word_1_213' title='bbox 810 2241 935 2311; x_wconf 89' lang='lat' dir='ltr'>Quando</span> <span class='ocrx_word' id='word_1_214' title='bbox 969 2260 1033 2298; x_wconf 92' lang='lat' dir='ltr'>vero</span> <span class='ocrx_word' id='word_1_215' title='bbox 1062 2241 1181 2298; x_wconf 81' lang='lat' dir='ltr'>Festum</span> <span class='ocrx_word' id='word_1_216' title='bbox 1209 2240 1328 2317; x_wconf 74' lang='lat' dir='ltr'>Duplex</span> <span class='ocrx_word' id='word_1_217' title='bbox 1351 2243 1394 2300; x_wconf 88' lang='lat' dir='ltr'>vel</span> 
     </span>
     <span class='ocr_line' id='line_1_24' title="bbox 192 2321 1395 2398; baseline 0.002 -22"><span class='ocrx_word' id='word_1_218' title='bbox 192 2342 291 2378; x_wconf 92' lang='lat' dir='ltr'>novem</span> <span class='ocrx_word' id='word_1_219' title='bbox 316 2322 487 2379; x_wconf 81' lang='lat' dir='ltr'>Lectionum</span> <span class='ocrx_word' id='word_1_220' title='bbox 513 2324 548 2380; x_wconf 91' lang='lat' dir='ltr'>in</span> <span class='ocrx_word' id='word_1_221' title='bbox 574 2323 677 2398; x_wconf 79' lang='lat' dir='ltr'>aliqua</span> <span class='ocrx_word' id='word_1_222' title='bbox 703 2323 793 2381; x_wconf 88' lang='lat' dir='ltr'>Feria</span> <span class='ocrx_word' id='word_1_223' title='bbox 821 2322 966 2392; x_wconf 74' lang='lat' dir='ltr'>Quattuor</span> <span class='ocrx_word' id='word_1_224' title='bbox 992 2321 1165 2396; x_wconf 89' lang='lat' dir='ltr'>Temporum</span> <span class='ocrx_word' id='word_1_225' title='bbox 1186 2323 1316 2395; x_wconf 84' lang='lat' dir='ltr'>evenerit,</span> <span class='ocrx_word' id='word_1_226' title='bbox 1335 2327 1395 2398; x_wconf 91' lang='grc' dir='ltr'><em>βαι</em></span> 
     </span>
     <span class='ocr_line' id='line_1_25' title="bbox 190 2402 1395 2478; baseline 0.002 -21"><span class='ocrx_word' id='word_1_227' title='bbox 190 2402 266 2458; x_wconf 87' lang='lat' dir='ltr'>sicut</span> <span class='ocrx_word' id='word_1_228' title='bbox 286 2403 422 2460; x_wconf 81' lang='lat' dir='ltr'>scribitur</span> <span class='ocrx_word' id='word_1_229' title='bbox 445 2406 479 2461; x_wconf 94' lang='lat' dir='ltr'>de</span> <span class='ocrx_word' id='word_1_230' title='bbox 503 2404 585 2462; x_wconf 91' lang='lat' dir='ltr'>Festo</span> <span class='ocrx_word' id='word_1_231' title='bbox 606 2404 634 2461; x_wconf 76' lang='lat' dir='ltr'>S.</span> <span class='ocrx_word' id='word_1_232' title='bbox 661 2404 776 2460; x_wconf 82' lang='lat' dir='ltr'>Tbomce</span> <span class='ocrx_word' id='word_1_233' title='bbox 797 2402 918 2478; x_wconf 88' lang='lat' dir='ltr'>apostoli</span> <span class='ocrx_word' id='word_1_234' title='bbox 942 2411 1054 2477; x_wconf 86' lang='lat' dir='ltr'>eacepta</span> <span class='ocrx_word' id='word_1_235' title='bbox 1075 2403 1214 2460; x_wconf 90' lang='lat' dir='ltr'>memoria</span> <span class='ocrx_word' id='word_1_236' title='bbox 1235 2404 1271 2460; x_wconf 92' lang='lat' dir='ltr'>de</span> <span class='ocrx_word' id='word_1_237' title='bbox 1293 2413 1395 2461; x_wconf 79' lang='lat' dir='ltr'>sanda</span> 
     </span>
     <span class='ocr_line' id='line_1_26' title="bbox 193 2480 1395 2559; baseline 0.003 -22"><span class='ocrx_word' id='word_1_238' title='bbox 193 2480 304 2553; x_wconf 84' lang='lat' dir='ltr'>Maria,</span> <span class='ocrx_word' id='word_1_239' title='bbox 330 2503 394 2557; x_wconf 84' lang='lat' dir='ltr'>quoe</span> <span class='ocrx_word' id='word_1_240' title='bbox 420 2505 480 2541; x_wconf 90' lang='lat' dir='ltr'>non</span> <span class='ocrx_word' id='word_1_241' title='bbox 506 2485 618 2542; x_wconf 89' lang='lat' dir='ltr'>dicetur</span> <span class='ocrx_word' id='word_1_242' title='bbox 644 2485 678 2541; x_wconf 91' lang='lat' dir='ltr'>in</span> <span class='ocrx_word' id='word_1_243' title='bbox 704 2485 798 2542; x_wconf 89' lang='lat' dir='ltr'>Festis</span> <span class='ocrx_word' id='word_1_244' title='bbox 824 2484 999 2559; x_wconf 90' lang='lat' dir='ltr'>Duplicibus</span> <span class='ocrx_word' id='word_1_245' title='bbox 1022 2483 1079 2540; x_wconf 87' lang='lat' dir='ltr'>sive</span> <span class='ocrx_word' id='word_1_246' title='bbox 1100 2504 1200 2541; x_wconf 90' lang='lat' dir='ltr'>novem</span> <span class='ocrx_word' id='word_1_247' title='bbox 1223 2483 1395 2541; x_wconf 88' lang='lat' dir='ltr'>Lectionum</span> 
     </span>
     <span class='ocr_line' id='line_1_27' title="bbox 193 2563 1395 2640; baseline 0.003 -22"><span class='ocrx_word' id='word_1_248' title='bbox 193 2572 274 2619; x_wconf 80' lang='lat' dir='ltr'>entra</span> <span class='ocrx_word' id='word_1_249' title='bbox 300 2563 473 2635; x_wconf 81' lang='lat' dir='ltr'>Adventum,</span> <span class='ocrx_word' id='word_1_250' title='bbox 499 2565 559 2622; x_wconf 90' lang='lat' dir='ltr'>nisi</span> <span class='ocrx_word' id='word_1_251' title='bbox 586 2567 626 2622; x_wconf 90' lang='lat' dir='ltr'>ad</span> <span class='ocrx_word' id='word_1_252' title='bbox 649 2565 801 2640; x_wconf 81' lang='lat' dir='ltr'>placitum,</span> <span class='ocrx_word' id='word_1_253' title='bbox 871 2565 995 2634; x_wconf 90' lang='lat' dir='ltr'>Quando</span> <span class='ocrx_word' id='word_1_254' title='bbox 1022 2584 1087 2621; x_wconf 90' lang='lat' dir='ltr'>vero</span> <span class='ocrx_word' id='word_1_255' title='bbox 1113 2565 1148 2621; x_wconf 92' lang='lat' dir='ltr'>in</span> <span class='ocrx_word' id='word_1_256' title='bbox 1174 2564 1268 2622; x_wconf 87' lang='lat' dir='ltr'>Festis</span> <span class='ocrx_word' id='word_1_257' title='bbox 1293 2585 1395 2622; x_wconf 86' lang='lat' dir='ltr'>novem</span> 
     </span>
     <span class='ocr_line' id='line_1_28' title="bbox 193 2643 1396 2723; baseline 0.003 -24"><span class='ocrx_word' id='word_1_258' title='bbox 193 2643 363 2700; x_wconf 80' lang='lat' dir='ltr'>Lectionum</span> <span class='ocrx_word' id='word_1_259' title='bbox 384 2648 425 2718; x_wconf 87' lang='grc' dir='ltr'><em>βι</em></span> <span class='ocrx_word' id='word_1_260' title='bbox 453 2646 559 2702; x_wconf 88' lang='lat' dir='ltr'>mentio</span> <span class='ocrx_word' id='word_1_261' title='bbox 586 2647 620 2701; x_wconf 95' lang='lat' dir='ltr'>de</span> <span class='ocrx_word' id='word_1_262' title='bbox 649 2646 742 2702; x_wconf 90' lang='lat' dir='ltr'>Missa</span> <span class='ocrx_word' id='word_1_263' title='bbox 768 2647 803 2702; x_wconf 90' lang='lat' dir='ltr'>in</span> <span class='ocrx_word' id='word_1_264' title='bbox 830 2643 973 2720; x_wconf 86' lang='lat' dir='ltr'>Capitulo,</span> <span class='ocrx_word' id='word_1_265' title='bbox 1002 2644 1065 2702; x_wconf 90' lang='lat' dir='ltr'>alia</span> <span class='ocrx_word' id='word_1_266' title='bbox 1091 2645 1185 2702; x_wconf 89' lang='lat' dir='ltr'>Missa</span> <span class='ocrx_word' id='word_1_267' title='bbox 1209 2653 1267 2720; x_wconf 81' lang='lat' dir='ltr'>pr&#39;o</span> <span class='ocrx_word' id='word_1_268' title='bbox 1289 2645 1396 2723; x_wconf 84' lang='lat' dir='ltr'>nvujori</span> 
     </span>
     <span class='ocr_line' id='line_1_29' title="bbox 193 2723 1396 2802; baseline 0.006 -24"><span class='ocrx_word' id='word_1_269' title='bbox 193 2723 319 2780; x_wconf 85' lang='lat' dir='ltr'>babetur.</span> <span class='ocrx_word' id='word_1_270' title='bbox 376 2725 418 2780; x_wconf 83' lang='lat' dir='ltr'>Ilt</span> <span class='ocrx_word' id='word_1_271' title='bbox 445 2726 472 2782; x_wconf 90' lang='lat' dir='ltr'>si</span> <span class='ocrx_word' id='word_1_272' title='bbox 499 2725 645 2800; x_wconf 77' lang='lat' dir='ltr'>continput</span> <span class='ocrx_word' id='word_1_273' title='bbox 671 2727 706 2782; x_wconf 92' lang='lat' dir='ltr'>iu</span> <span class='ocrx_word' id='word_1_274' title='bbox 732 2726 901 2802; x_wconf 75' lang='lat' dir='ltr'>hujusmodi</span> <span class='ocrx_word' id='word_1_275' title='bbox 934 2727 1034 2798; x_wconf 88' lang='lat' dir='ltr'>Festis,</span> <span class='ocrx_word' id='word_1_276' title='bbox 1070 2727 1148 2800; x_wconf 83' lang='lat' dir='ltr'>quod</span> <span class='ocrx_word' id='word_1_277' title='bbox 1180 2746 1244 2782; x_wconf 90' lang='lat' dir='ltr'>una</span> <span class='ocrx_word' id='word_1_278' title='bbox 1279 2735 1396 2784; x_wconf 89' lang='lat' dir='ltr'>tantum</span> 
     </span>
     <span class='ocr_line' id='line_1_30' title="bbox 194 2803 1396 2882; baseline 0.004 -22"><span class='ocrx_word' id='word_1_279' title='bbox 194 2803 344 2861; x_wconf 88' lang='lat' dir='ltr'>celebretur</span> <span class='ocrx_word' id='word_1_280' title='bbox 367 2803 470 2876; x_wconf 87' lang='lat' dir='ltr'>Missa,</span> <span class='ocrx_word' id='word_1_281' title='bbox 495 2815 586 2864; x_wconf 91' lang='lat' dir='ltr'>totum</span> <span class='ocrx_word' id='word_1_282' title='bbox 608 2806 766 2864; x_wconf 77' lang='lat' dir='ltr'>Servitium</span> <span class='ocrx_word' id='word_1_283' title='bbox 785 2812 845 2882; x_wconf 90' lang='grc' dir='ltr'><em>βαι</em></span> <span class='ocrx_word' id='word_1_284' title='bbox 874 2809 908 2864; x_wconf 92' lang='lat' dir='ltr'>de</span> <span class='ocrx_word' id='word_1_285' title='bbox 936 2808 1019 2866; x_wconf 91' lang='lat' dir='ltr'>Festo</span> <span class='ocrx_word' id='word_1_286' title='bbox 1043 2827 1142 2864; x_wconf 90' lang='lat' dir='ltr'>novem</span> <span class='ocrx_word' id='word_1_287' title='bbox 1166 2807 1346 2879; x_wconf 86' lang='lat' dir='ltr'>Lectionum,</span> <span class='ocrx_word' id='word_1_288' title='bbox 1369 2817 1396 2865; x_wconf 91' lang='lat' dir='ltr'>et</span> 
     </span>
     <span class='ocr_line' id='line_1_31' title="bbox 189 2883 1397 2964; baseline 0.003 -23"><span class='ocrx_word' id='word_1_289' title='bbox 189 2894 256 2960; x_wconf 91' lang='lat' dir='ltr'>post</span> <span class='ocrx_word' id='word_1_290' title='bbox 288 2883 412 2943; x_wconf 88' lang='lat' dir='ltr'>Missam</span> <span class='ocrx_word' id='word_1_291' title='bbox 434 2891 494 2961; x_wconf 89' lang='grc' dir='ltr'><em>βαι</em></span> <span class='ocrx_word' id='word_1_292' title='bbox 524 2889 663 2944; x_wconf 90' lang='lat' dir='ltr'>memoria</span> <span class='ocrx_word' id='word_1_293' title='bbox 690 2909 756 2945; x_wconf 91' lang='lat' dir='ltr'>cum</span> <span class='ocrx_word' id='word_1_294' title='bbox 791 2898 847 2946; x_wconf 91' lang='lat' dir='ltr'>tcto</span> <span class='ocrx_word' id='word_1_295' title='bbox 881 2890 969 2963; x_wconf 75' lang='lat' dir='ltr'>officio</span> <span class='ocrx_word' id='word_1_296' title='bbox 992 2889 1092 2945; x_wconf 82' lang='lat' dir='ltr'>Missae</span> <span class='ocrx_word' id='word_1_297' title='bbox 1119 2889 1153 2945; x_wconf 91' lang='lat' dir='ltr'>de</span> <span class='ocrx_word' id='word_1_298' title='bbox 1180 2886 1310 2964; x_wconf 80' lang='lat' dir='ltr'>Jejunio.</span> <span class='ocrx_word' id='word_1_299' title='bbox 1354 2887 1397 2946; x_wconf 92' lang='lat' dir='ltr'>Iu</span> 
     </span>
     <span class='ocr_line' id='line_1_32' title="bbox 194 2964 1394 3059; baseline 0.004 -38"><span class='ocrx_word' id='word_1_300' title='bbox 194 2964 403 3059; x_wconf 75' lang='lat' dir='ltr'>Bopationibus</span> <span class='ocrx_word' id='word_1_301' title='bbox 424 2988 496 3039; x_wconf 90' lang='lat' dir='ltr'>vero,</span> <span class='ocrx_word' id='word_1_302' title='bbox 512 2968 595 3025; x_wconf 90' lang='lat' dir='ltr'>siita</span> <span class='ocrx_word' id='word_1_303' title='bbox 610 2969 764 3043; x_wconf 76' lang='lat' dir='ltr'>continpat,</span> <span class='ocrx_word' id='word_1_304' title='bbox 781 2970 923 3045; x_wconf 79' lang='lat' dir='ltr'>processio</span> <span class='ocrx_word' id='word_1_305' title='bbox 932 2973 992 3043; x_wconf 92' lang='grc' dir='ltr'>βαι</span> <span class='ocrx_word' id='word_1_306' title='bbox 1003 2969 1153 3044; x_wconf 89' lang='lat' dir='ltr'>pertinens</span> <span class='ocrx_word' id='word_1_307' title='bbox 1169 2970 1210 3027; x_wconf 88' lang='lat' dir='ltr'>od</span> <span class='ocrx_word' id='word_1_308' title='bbox 1227 2968 1394 3045; x_wconf 80' lang='lat' dir='ltr'>Jejunium</span> 
     </span>
     <span class='ocr_line' id='line_1_33' title="bbox 194 3046 1397 3126; baseline 0.005 -24"><span class='ocrx_word' id='word_1_309' title='bbox 194 3046 236 3102; x_wconf 85' lang='lat' dir='ltr'>Ft</span> <span class='ocrx_word' id='word_1_310' title='bbox 248 3067 275 3103; x_wconf 84' lang='lat' dir='ltr'>sa</span> <span class='ocrx_word' id='word_1_311' title='bbox 269 3046 355 3104; x_wconf 88' lang='lat' dir='ltr'>Fest</span> <span class='ocrx_word' id='word_1_312' title='bbox 344 3056 407 3104; x_wconf 90' lang='lat' dir='ltr'>tum</span> <span class='ocrx_word' id='word_1_313' title='bbox 421 3059 501 3106; x_wconf 88' lang='lat' dir='ltr'>sanct</span> <span class='ocrx_word' id='word_1_314' title='bbox 503 3071 514 3106; x_wconf 86' lang='lat' dir='ltr'>v</span> <span class='ocrx_word' id='word_1_315' title='bbox 491 3049 639 3107; x_wconf 81' lang='lat' dir='ltr'>thvrnee</span> <span class='ocrx_word' id='word_1_316' title='bbox 652 3049 742 3125; x_wconf 82' lang='lat' dir='ltr'>Apost</span> <span class='ocrx_word' id='word_1_317' title='bbox 732 3051 808 3107; x_wconf 78' lang='grc' dir='ltr'>ιοιαΙ</span> <span class='ocrx_word' id='word_1_318' title='bbox 743 3071 829 3108; x_wconf 83' lang='lat' dir='ltr'>ion</span> <span class='ocrx_word' id='word_1_319' title='bbox 842 3051 945 3124; x_wconf 82' lang='lat' dir='ltr'>aliqua</span> <span class='ocrx_word' id='word_1_320' title='bbox 958 3050 1047 3107; x_wconf 91' lang='lat' dir='ltr'>Feria</span> <span class='ocrx_word' id='word_1_321' title='bbox 1060 3050 1205 3119; x_wconf 74' lang='lat' dir='ltr'>Quattuor</span> <span class='ocrx_word' id='word_1_322' title='bbox 1220 3051 1397 3126; x_wconf 72' lang='lat' dir='ltr'>Temperans</span> 
     </span>
     <span class='ocr_line' id='line_1_34' title="bbox 194 3127 1397 3206; baseline 0.003 -22"><span class='ocrx_word' id='word_1_323' title='bbox 194 3127 322 3198; x_wconf 90' lang='lat' dir='ltr'>evenerit</span> <span class='ocrx_word' id='word_1_324' title='bbox 304 3127 433 3186; x_wconf 90' lang='lat' dir='ltr'>tMissa</span> <span class='ocrx_word' id='word_1_325' title='bbox 447 3131 481 3187; x_wconf 92' lang='lat' dir='ltr'>de</span> <span class='ocrx_word' id='word_1_326' title='bbox 495 3129 615 3205; x_wconf 85' lang='lat' dir='ltr'>Jejunio</span> <span class='ocrx_word' id='word_1_327' title='bbox 629 3132 703 3188; x_wconf 89' lang='lat' dir='ltr'>dicet</span> <span class='ocrx_word' id='word_1_328' title='bbox 693 3140 742 3187; x_wconf 92' lang='lat' dir='ltr'>tur</span> <span class='ocrx_word' id='word_1_329' title='bbox 756 3141 824 3206; x_wconf 90' lang='lat' dir='ltr'>post</span> <span class='ocrx_word' id='word_1_330' title='bbox 813 3131 925 3188; x_wconf 91' lang='lat' dir='ltr'>ttTer&#39;</span> <span class='ocrx_word' id='word_1_331' title='bbox 902 3141 974 3187; x_wconf 85' lang='lat' dir='ltr'>tram</span> <span class='ocrx_word' id='word_1_332' title='bbox 995 3152 1060 3188; x_wconf 89' lang='lat' dir='ltr'>cum</span> <span class='ocrx_word' id='word_1_333' title='bbox 1080 3131 1219 3188; x_wconf 87' lang='lat' dir='ltr'>memoria</span> <span class='ocrx_word' id='word_1_334' title='bbox 1239 3132 1275 3188; x_wconf 91' lang='lat' dir='ltr'>de</span> <span class='ocrx_word' id='word_1_335' title='bbox 1294 3141 1397 3189; x_wconf 85' lang='lat' dir='ltr'>sancta</span> 
     </span>
     <span class='ocr_line' id='line_1_35' title="bbox 193 3205 1397 3286; baseline 0.004 -23"><span class='ocrx_word' id='word_1_336' title='bbox 193 3205 297 3264; x_wconf 87' lang='lat' dir='ltr'>Maria</span> <span class='ocrx_word' id='word_1_337' title='bbox 315 3217 340 3265; x_wconf 91' lang='lat' dir='ltr'>et</span> <span class='ocrx_word' id='word_1_338' title='bbox 358 3210 392 3266; x_wconf 91' lang='lat' dir='ltr'>de</span> <span class='ocrx_word' id='word_1_339' title='bbox 410 3212 543 3268; x_wconf 86' lang='lat' dir='ltr'>munibus</span> <span class='ocrx_word' id='word_1_340' title='bbox 558 3209 694 3280; x_wconf 75' lang='lat' dir='ltr'>Sanctis,</span> <span class='ocrx_word' id='word_1_341' title='bbox 724 3222 749 3268; x_wconf 91' lang='lat' dir='ltr'>et</span> <span class='ocrx_word' id='word_1_342' title='bbox 764 3222 831 3286; x_wconf 88' lang='lat' dir='ltr'>post</span> <span class='ocrx_word' id='word_1_343' title='bbox 821 3211 919 3269; x_wconf 81' lang='lat' dir='ltr'>tSeoct</span> <span class='ocrx_word' id='word_1_344' title='bbox 908 3221 967 3269; x_wconf 91' lang='lat' dir='ltr'>tam</span> <span class='ocrx_word' id='word_1_345' title='bbox 981 3215 1041 3286; x_wconf 89' lang='grc' dir='ltr'>βαι</span> <span class='ocrx_word' id='word_1_346' title='bbox 1063 3211 1234 3269; x_wconf 85' lang='lat' dir='ltr'>sollemniter</span> <span class='ocrx_word' id='word_1_347' title='bbox 1249 3211 1346 3270; x_wconf 86' lang='lat' dir='ltr'>Missa</span> <span class='ocrx_word' id='word_1_348' title='bbox 1361 3213 1397 3269; x_wconf 87' lang='lat' dir='ltr'>de</span> 
     </span>
     <span class='ocr_line' id='line_1_36' title="bbox 193 3287 674 3366; baseline 0.008 -21"><span class='ocrx_word' id='word_1_349' title='bbox 193 3287 283 3364; x_wconf 78' lang='lat' dir='ltr'>Apost</span> <span class='ocrx_word' id='word_1_350' title='bbox 272 3289 367 3347; x_wconf 90' lang='lat' dir='ltr'>tolo</span> <span class='ocrx_word' id='word_1_351' title='bbox 340 3311 401 3348; x_wconf 77' lang='lat' dir='ltr'>stne</span> <span class='ocrx_word' id='word_1_352' title='bbox 414 3291 516 3366; x_wconf 72' lang='grc' dir='ltr'><em>αιιααα</em></span> <span class='ocrx_word' id='word_1_353' title='bbox 530 3294 674 3349; x_wconf 82' lang='lat' dir='ltr'>avernoria.</span> 
     </span>
    </p>
   </div>
   <div class='ocr_carea' id='block_1_3' title="bbox 717 3451 863 3510">
    <p class='ocr_par' dir='ltr' id='par_1_7' title="bbox 717 3451 863 3510">
     <span class='ocr_line' id='line_1_37' title="bbox 717 3451 863 3510; baseline 0.014 -2"><span class='ocrx_word' id='word_1_354' title='bbox 717 3451 863 3510; x_wconf 65' lang='lat' dir='ltr'>Sensuro.</span> 
     </span>
    </p>
   </div>
   <div class='ocr_carea' id='block_1_4' title="bbox 196 3543 1400 4106">
    <p class='ocr_par' dir='ltr' id='par_1_8' title="bbox 255 3543 639 3619">
     <span class='ocr_line' id='line_1_38' title="bbox 255 3543 639 3619; baseline 0.003 -19"><span class='ocrx_word' id='word_1_355' title='bbox 255 3543 305 3601; x_wconf 82' lang='lat' dir='ltr'>Ad</span> <span class='ocrx_word' id='word_1_356' title='bbox 324 3543 455 3601; x_wconf 85' lang='lat' dir='ltr'>Missam.</span> <span class='ocrx_word' id='word_1_357' title='bbox 501 3544 639 3619; x_wconf 83' lang='lat' dir='ltr'>Officium.</span> 
     </span>
    </p>

    <p class='ocr_par' dir='ltr' id='par_1_9' title="bbox 196 3624 1397 3777">
     <span class='ocr_line' id='line_1_39' title="bbox 256 3624 1397 3702; baseline 0.001 -21"><span class='ocrx_word' id='word_1_358' title='bbox 256 3625 336 3682; x_wconf 91' lang='lat' dir='ltr'>Veni</span> <span class='ocrx_word' id='word_1_359' title='bbox 350 3631 381 3683; x_wconf 82' lang='lat' dir='ltr'>et</span> <span class='ocrx_word' id='word_1_360' title='bbox 394 3625 515 3683; x_wconf 88' lang='lat' dir='ltr'>ostende</span> <span class='ocrx_word' id='word_1_361' title='bbox 531 3625 616 3682; x_wconf 91' lang='lat' dir='ltr'>nobis</span> <span class='ocrx_word' id='word_1_362' title='bbox 632 3625 737 3683; x_wconf 85' lang='lat' dir='ltr'>faciem</span> <span class='ocrx_word' id='word_1_363' title='bbox 755 3632 846 3698; x_wconf 85' lang='lat' dir='ltr'>tuam,</span> <span class='ocrx_word' id='word_1_364' title='bbox 863 3624 1000 3698; x_wconf 88' lang='lat' dir='ltr'>Domine,</span> <span class='ocrx_word' id='word_1_365' title='bbox 1016 3626 1068 3702; x_wconf 90' lang='lat' dir='ltr'>qui</span> <span class='ocrx_word' id='word_1_366' title='bbox 1085 3626 1167 3683; x_wconf 89' lang='lat' dir='ltr'>sedes</span> <span class='ocrx_word' id='word_1_367' title='bbox 1184 3645 1273 3702; x_wconf 84' lang='lat' dir='ltr'>super</span> <span class='ocrx_word' id='word_1_368' title='bbox 1288 3625 1397 3684; x_wconf 79' lang='lat' dir='ltr'>Cheru-</span> 
     </span>
     <span class='ocr_line' id='line_1_40' title="bbox 196 3705 535 3777; baseline 0.009 -16"><span class='ocrx_word' id='word_1_369' title='bbox 196 3705 265 3777; x_wconf 73' lang='lat' dir='ltr'>bin,</span> <span class='ocrx_word' id='word_1_370' title='bbox 288 3712 319 3763; x_wconf 84' lang='lat' dir='ltr'>et</span> <span class='ocrx_word' id='word_1_371' title='bbox 332 3705 406 3764; x_wconf 81' lang='lat' dir='ltr'>salvi</span> <span class='ocrx_word' id='word_1_372' title='bbox 419 3706 535 3764; x_wconf 82' lang='lat' dir='ltr'>erimus</span> 
     </span>
    </p>

    <p class='ocr_par' dir='ltr' id='par_1_10' title="bbox 253 3785 399 3845">
     <span class='ocr_line' id='line_1_41' title="bbox 253 3785 399 3845; baseline 0.027 -4"><span class='ocrx_word' id='word_1_373' title='bbox 253 3785 399 3845; x_wconf 89' lang='lat' dir='ltr'>Psalmus.</span> 
     </span>
    </p>

    <p class='ocr_par' dir='ltr' id='par_1_11' title="bbox 257 3865 1205 3945">
     <span class='ocr_line' id='line_1_42' title="bbox 257 3865 1205 3945; baseline 0.003 -23"><span class='ocrx_word' id='word_1_374' title='bbox 257 3865 317 3934; x_wconf 79' lang='lat' dir='ltr'>Qui</span> <span class='ocrx_word' id='word_1_375' title='bbox 330 3869 406 3944; x_wconf 83' lang='lat' dir='ltr'>regis</span> <span class='ocrx_word' id='word_1_376' title='bbox 419 3867 521 3940; x_wconf 83' lang='lat' dir='ltr'>Israel,</span> <span class='ocrx_word' id='word_1_377' title='bbox 535 3867 673 3926; x_wconf 87' lang='lat' dir='ltr'>intende:</span> <span class='ocrx_word' id='word_1_378' title='bbox 695 3868 747 3944; x_wconf 91' lang='lat' dir='ltr'>qui</span> <span class='ocrx_word' id='word_1_379' title='bbox 761 3868 878 3926; x_wconf 89' lang='lat' dir='ltr'>deducis</span> <span class='ocrx_word' id='word_1_380' title='bbox 891 3868 975 3926; x_wconf 82' lang='lat' dir='ltr'>velut</span> <span class='ocrx_word' id='word_1_381' title='bbox 988 3887 1073 3926; x_wconf 91' lang='lat' dir='ltr'>ovem</span> <span class='ocrx_word' id='word_1_382' title='bbox 1086 3869 1108 3926; x_wconf 87' lang='lat' dir='ltr'><strong>J</strong></span> <span class='ocrx_word' id='word_1_383' title='bbox 1110 3869 1205 3945; x_wconf 75' lang='lat' dir='ltr'>osepiu</span> 
     </span>
    </p>

    <p class='ocr_par' dir='ltr' id='par_1_12' title="bbox 196 3946 1400 4106">
     <span class='ocr_line' id='line_1_43' title="bbox 258 3946 1397 4024; baseline 0 -20"><span class='ocrx_word' id='word_1_384' title='bbox 258 3946 362 4006; x_wconf 84' lang='lat' dir='ltr'>Omnes</span> <span class='ocrx_word' id='word_1_385' title='bbox 376 3948 527 4007; x_wconf 89' lang='lat' dir='ltr'>Orationes</span> <span class='ocrx_word' id='word_1_386' title='bbox 540 3950 682 4006; x_wconf 88' lang='lat' dir='ltr'>dicantar</span> <span class='ocrx_word' id='word_1_387' title='bbox 694 3950 755 4006; x_wconf 89' lang='lat' dir='ltr'>sine</span> <span class='ocrx_word' id='word_1_388' title='bbox 775 3950 922 4007; x_wconf 82' lang='lat' dir='ltr'>Dominus</span> <span class='ocrx_word' id='word_1_389' title='bbox 942 3949 1102 4022; x_wconf 86' lang='lat' dir='ltr'>vobiscum,</span> <span class='ocrx_word' id='word_1_390' title='bbox 1120 3958 1228 4024; x_wconf 79' lang='lat' dir='ltr'>preater</span> <span class='ocrx_word' id='word_1_391' title='bbox 1249 3950 1397 4020; x_wconf 87' lang='lat' dir='ltr'>ultimam,</span> 
     </span>
     <span class='ocr_line' id='line_1_44' title="bbox 196 4029 1400 4106; baseline 0.002 -21"><span class='ocrx_word' id='word_1_392' title='bbox 196 4048 260 4102; x_wconf 77' lang='lat' dir='ltr'>quoe</span> <span class='ocrx_word' id='word_1_393' title='bbox 280 4037 320 4085; x_wconf 89' lang='lat' dir='ltr'>est</span> <span class='ocrx_word' id='word_1_394' title='bbox 337 4029 476 4104; x_wconf 74' lang='lat' dir='ltr'>prosimu</span> <span class='ocrx_word' id='word_1_395' title='bbox 495 4039 563 4087; x_wconf 89' lang='lat' dir='ltr'>ante</span> <span class='ocrx_word' id='word_1_396' title='bbox 582 4029 754 4106; x_wconf 84' lang='lat' dir='ltr'>Epistolam,</span> <span class='ocrx_word' id='word_1_397' title='bbox 770 4031 819 4088; x_wconf 89' lang='lat' dir='ltr'>sed</span> <span class='ocrx_word' id='word_1_398' title='bbox 833 4039 948 4088; x_wconf 93' lang='lat' dir='ltr'>tantum</span> <span class='ocrx_word' id='word_1_399' title='bbox 967 4051 1033 4086; x_wconf 91' lang='lat' dir='ltr'>cum</span> <span class='ocrx_word' id='word_1_400' title='bbox 1052 4030 1183 4088; x_wconf 90' lang='lat' dir='ltr'>Oremus.</span> <span class='ocrx_word' id='word_1_401' title='bbox 1241 4029 1283 4087; x_wconf 86' lang='grc' dir='ltr'><em>Ει</em></span> <span class='ocrx_word' id='word_1_402' title='bbox 1301 4051 1400 4088; x_wconf 87' lang='lat' dir='ltr'>omues</span> 
     </span>
    </p>
   </div>
   <div class='ocr_carea' id='block_1_5' title="bbox 194 4215 1400 4512">
    <p class='ocr_par' dir='ltr' id='par_1_13' title="bbox 194 4215 1400 4512">
     <span class='ocr_line' id='line_1_45' title="bbox 240 4215 1399 4276; baseline 0.004 -17.085"><span class='ocrx_word' id='word_1_403' title='bbox 240 4215 336 4263; x_wconf 33' lang='lat' dir='ltr'>&amp;mss</span> <span class='ocrx_word' id='word_1_404' title='bbox 346 4215 373 4259; x_wconf 90' lang='lat' dir='ltr'>B.</span> <span class='ocrx_word' id='word_1_405' title='bbox 381 4216 461 4264; x_wconf 75' lang='lat' dir='ltr'>ands).</span> <span class='ocrx_word' id='word_1_406' title='bbox 472 4217 640 4274; x_wconf 82' lang='lat' dir='ltr'>huvo,1nsteod</span> <span class='ocrx_word' id='word_1_407' title='bbox 647 4218 671 4263; x_wconf 87' lang='lat' dir='ltr'>of</span> <span class='ocrx_word' id='word_1_408' title='bbox 681 4218 722 4264; x_wconf 86' lang='lat' dir='ltr'>the</span> <span class='ocrx_word' id='word_1_409' title='bbox 731 4219 865 4264; x_wconf 84' lang='lat' dir='ltr'>romurndor</span> <span class='ocrx_word' id='word_1_410' title='bbox 876 4219 900 4263; x_wconf 85' lang='lat' dir='ltr'>of</span> <span class='ocrx_word' id='word_1_411' title='bbox 910 4218 959 4263; x_wconf 78' lang='lat' dir='ltr'>his</span> <span class='ocrx_word' id='word_1_412' title='bbox 969 4218 1056 4273; x_wconf 81' lang='lat' dir='ltr'>iubnc</span> <span class='ocrx_word' id='word_1_413' title='bbox 1063 4217 1090 4263; x_wconf 77' lang='lat' dir='ltr'>a·</span> <span class='ocrx_word' id='word_1_414' title='bbox 1100 4231 1152 4262; x_wconf 88' lang='lat' dir='ltr'>vero</span> <span class='ocrx_word' id='word_1_415' title='bbox 1161 4216 1247 4276; x_wconf 72' lang='lat' dir='ltr'>Vipera</span> <span class='ocrx_word' id='word_1_416' title='bbox 1254 4224 1276 4262; x_wconf 91' lang='lat' dir='ltr'>et</span> <span class='ocrx_word' id='word_1_417' title='bbox 1286 4218 1399 4269; x_wconf 83' lang='lat' dir='ltr'>Quattuor</span> 
     </span>
     <span class='ocr_line' id='line_1_46' title="bbox 197 4251 1400 4343; baseline 0.002 -24"><span class='ocrx_word' id='word_1_418' title='bbox 197 4276 308 4343; x_wconf 80' lang='lat' dir='ltr'>Tempora</span> <span class='ocrx_word' id='word_1_419' title='bbox 317 4281 460 4330; x_wconf 81' lang='lat' dir='ltr'>cmcurraut,</span> <span class='ocrx_word' id='word_1_420' title='bbox 469 4275 549 4320; x_wconf 86' lang='lat' dir='ltr'>ultima</span> <span class='ocrx_word' id='word_1_421' title='bbox 558 4277 635 4322; x_wconf 86' lang='lat' dir='ltr'>Missa</span> <span class='ocrx_word' id='word_1_422' title='bbox 644 4278 688 4323; x_wconf 87' lang='lat' dir='ltr'>erit</span> <span class='ocrx_word' id='word_1_423' title='bbox 679 4278 724 4323; x_wconf 86' lang='lat' dir='ltr'>tde</span> <span class='ocrx_word' id='word_1_424' title='bbox 736 4278 846 4330; x_wconf 79' lang='lat' dir='ltr'>Quattuor</span> <span class='ocrx_word' id='word_1_425' title='bbox 856 4276 1005 4336; x_wconf 82' lang='lat' dir='ltr'>Temporibus.</span> <span class='ocrx_word' id='word_1_426' title='bbox 1037 4251 1066 4321; x_wconf 77' lang='lat' dir='ltr'>Iis</span> <span class='ocrx_word' id='word_1_427' title='bbox 1080 4276 1203 4322; x_wconf 76' lang='lat' dir='ltr'>mnoribm</span> <span class='ocrx_word' id='word_1_428' title='bbox 1218 4291 1271 4321; x_wconf 89' lang='lat' dir='ltr'>vero</span> <span class='ocrx_word' id='word_1_429' title='bbox 1287 4276 1400 4322; x_wconf 80' lang='lat' dir='ltr'>Ecclesir&#39;s</span> 
     </span>
     <span class='ocr_line' id='line_1_47' title="bbox 194 4293 1399 4404; baseline 0.002 -27"><span class='ocrx_word' id='word_1_430' title='bbox 194 4333 232 4378; x_wconf 86' lang='lat' dir='ltr'>ubi</span> <span class='ocrx_word' id='word_1_431' title='bbox 254 4339 341 4378; x_wconf 88' lang='lat' dir='ltr'>tantvm</span> <span class='ocrx_word' id='word_1_432' title='bbox 360 4333 454 4379; x_wconf 82' lang='lat' dir='ltr'>babetur</span> <span class='ocrx_word' id='word_1_433' title='bbox 470 4349 527 4379; x_wconf 85' lang='lat' dir='ltr'>unas</span> <span class='ocrx_word' id='word_1_434' title='bbox 549 4335 692 4394; x_wconf 85' lang='lat' dir='ltr'>Capelianus,</span> <span class='ocrx_word' id='word_1_435' title='bbox 709 4337 795 4382; x_wconf 80' lang='lat' dir='ltr'>dicetur</span> <span class='ocrx_word' id='word_1_436' title='bbox 814 4337 890 4381; x_wconf 87' lang='lat' dir='ltr'>Missa</span> <span class='ocrx_word' id='word_1_437' title='bbox 904 4293 932 4381; x_wconf 76' lang='lat' dir='ltr'>ile</span> <span class='ocrx_word' id='word_1_438' title='bbox 949 4337 1059 4387; x_wconf 77' lang='lat' dir='ltr'>Qumtmr</span> <span class='ocrx_word' id='word_1_439' title='bbox 1079 4335 1230 4404; x_wconf 81' lang='lat' dir='ltr'>Temporibus,</span> <span class='ocrx_word' id='word_1_440' title='bbox 1250 4337 1290 4380; x_wconf 83' lang='lat' dir='ltr'>et*</span> <span class='ocrx_word' id='word_1_441' title='bbox 1310 4336 1399 4395; x_wconf 79' lang='lat' dir='ltr'>lepetur</span> 
     </span>
     <span class='ocr_line' id='line_1_48' title="bbox 194 4392 1398 4462; baseline 0.002 -26"><span class='ocrx_word' id='word_1_442' title='bbox 194 4392 343 4462; x_wconf 73' lang='lat' dir='ltr'>Evanpdinm</span> <span class='ocrx_word' id='word_1_443' title='bbox 360 4393 386 4437; x_wconf 88' lang='lat' dir='ltr'>de</span> <span class='ocrx_word' id='word_1_444' title='bbox 406 4392 509 4451; x_wconf 68' lang='lat' dir='ltr'>Vivida*</span> <span class='ocrx_word' id='word_1_445' title='bbox 554 4395 736 4440; x_wconf 82' lang='lat' dir='ltr'>Vernnrtomen</span> <span class='ocrx_word' id='word_1_446' title='bbox 726 4411 752 4440; x_wconf 88' lang='lat' dir='ltr'>m</span> <span class='ocrx_word' id='word_1_447' title='bbox 773 4396 856 4453; x_wconf 70' lang='lat' dir='ltr'>rimport</span> <span class='ocrx_word' id='word_1_448' title='bbox 875 4394 1025 4440; x_wconf 84' lang='lat' dir='ltr'>Ecclesia</span> <span class='ocrx_word' id='word_1_449' title='bbox 999 4409 1061 4454; x_wconf 79' lang='lat' dir='ltr'>aque</span> <span class='ocrx_word' id='word_1_450' title='bbox 1080 4393 1217 4440; x_wconf 84' lang='lat' dir='ltr'>sollemniter</span> <span class='ocrx_word' id='word_1_451' title='bbox 1231 4400 1336 4440; x_wconf 80' lang='lat' dir='ltr'>cantetm·</span> <span class='ocrx_word' id='word_1_452' title='bbox 1351 4409 1398 4438; x_wconf 82' lang='grc' dir='ltr'>ααα</span> 
     </span>
     <span class='ocr_line' id='line_1_49' title="bbox 194 4413 1314 4512; baseline 0.003 -18"><span class='ocrx_word' id='word_1_453' title='bbox 194 4450 277 4511; x_wconf 81' lang='lat' dir='ltr'>Missa,</span> <span class='ocrx_word' id='word_1_454' title='bbox 285 4451 343 4498; x_wconf 83' lang='lat' dir='ltr'>sicvt</span> <span class='ocrx_word' id='word_1_455' title='bbox 353 4456 374 4496; x_wconf 90' lang='lat' dir='ltr'>et</span> <span class='ocrx_word' id='word_1_456' title='bbox 388 4451 437 4496; x_wconf 89' lang='lat' dir='ltr'>alia</span> <span class='ocrx_word' id='word_1_457' title='bbox 447 4452 479 4496; x_wconf 88' lang='lat' dir='ltr'>ad</span> <span class='ocrx_word' id='word_1_458' title='bbox 491 4467 596 4512; x_wconf 76' lang='lat' dir='ltr'>mapsam</span> <span class='ocrx_word' id='word_1_459' title='bbox 605 4454 694 4511; x_wconf 85' lang='lat' dir='ltr'>Altore,</span> <span class='ocrx_word' id='word_1_460' title='bbox 704 4460 725 4500; x_wconf 85' lang='lat' dir='ltr'>et</span> <span class='ocrx_word' id='word_1_461' title='bbox 739 4455 788 4500; x_wconf 83' lang='lat' dir='ltr'>sinn</span> <span class='ocrx_word' id='word_1_462' title='bbox 784 4413 842 4500; x_wconf 78' lang='lat' dir='ltr'>&#39;liler</span> <span class='ocrx_word' id='word_1_463' title='bbox 856 4454 912 4500; x_wconf 84' lang='lat' dir='ltr'>alibi</span> <span class='ocrx_word' id='word_1_464' title='bbox 925 4453 963 4498; x_wconf 83' lang='lat' dir='ltr'>ubi</span> <span class='ocrx_word' id='word_1_465' title='bbox 977 4453 1072 4499; x_wconf 83' lang='lat' dir='ltr'>babetur</span> <span class='ocrx_word' id='word_1_466' title='bbox 1085 4453 1152 4512; x_wconf 87' lang='lat' dir='ltr'>copia</span> <span class='ocrx_word' id='word_1_467' title='bbox 1160 4452 1314 4499; x_wconf 79' lang='lat' dir='ltr'>Sacerdotem.</span> 
     </span>
    </p>
   </div>
   <div class='ocr_carea' id='block_1_6' title="bbox 428 4536 1158 4589">
    <p class='ocr_par' dir='ltr' id='par_1_14' title="bbox 428 4536 1158 4589">
     <span class='ocr_line' id='line_1_50' title="bbox 428 4536 1158 4589; baseline 0 -11"><span class='ocrx_word' id='word_1_468' title='bbox 428 4536 494 4580; x_wconf 76' lang='lat' dir='ltr'>*MS.</span> <span class='ocrx_word' id='word_1_469' title='bbox 505 4538 586 4581; x_wconf 78' lang='grc' dir='ltr'><em>Β.-Ει</em></span> <span class='ocrx_word' id='word_1_470' title='bbox 596 4540 645 4587; x_wconf 81' lang='lat' dir='ltr'>post</span> <span class='ocrx_word' id='word_1_471' title='bbox 658 4539 752 4579; x_wconf 83' lang='lat' dir='ltr'>Missam</span> <span class='ocrx_word' id='word_1_472' title='bbox 764 4541 832 4579; x_wconf 78' lang='lat' dir='ltr'>istam</span> <span class='ocrx_word' id='word_1_473' title='bbox 845 4539 930 4589; x_wconf 74' lang='lat' dir='ltr'>leuatur</span> <span class='ocrx_word' id='word_1_474' title='bbox 942 4539 1013 4578; x_wconf 78' lang='lat' dir='ltr'>Missa</span> <span class='ocrx_word' id='word_1_475' title='bbox 1026 4537 1051 4578; x_wconf 81' lang='lat' dir='ltr'>dc</span> <span class='ocrx_word' id='word_1_476' title='bbox 1066 4538 1158 4588; x_wconf 73' lang='lat' dir='ltr'>Vipilia.</span> 
     </span>
    </p>
   </div>
   <div class='ocr_carea' id='block_1_7' title="bbox 0 0 1473 4996">
    <p class='ocr_par' dir='ltr' id='par_1_15' title="bbox 0 0 1473 4996">
     <span class='ocr_line' id='line_1_51' title="bbox 0 0 1473 4996; baseline 0 0"><span class='ocrx_word' id='word_1_477' title='bbox 0 0 1473 4996; x_wconf 95' lang='lat' dir='ltr'> </span> 
     </span>
    </p>
   </div>
  </div>
 </body>
</html>
