<?xml version="1.0" encoding="UTF-8"?>
<!DOCTYPE html PUBLIC "-//W3C//DTD XHTML 1.0 Transitional//EN"
    "http://www.w3.org/TR/xhtml1/DTD/xhtml1-transitional.dtd">
<html xmlns="http://www.w3.org/1999/xhtml" xml:lang="en" lang="en">
 <head>
  <title>
</title>
<meta http-equiv="Content-Type" content="text/html;charset=utf-8" />
  <meta name='ocr-system' content='tesseract 3.04.00' />
  <meta name='ocr-capabilities' content='ocr_page ocr_carea ocr_par ocr_line ocrx_word'/>
</head>
<body>
  <div class='ocr_page' id='page_1' title='image "./missaleadusumin00churgoog_0213.png"; bbox 0 0 2926 4996; ppageno 0'>
   <div class='ocr_carea' id='block_1_1' title="bbox 45 289 979 416">
    <p class='ocr_par' dir='ltr' id='par_1_1' title="bbox 45 289 979 416">
     <span class='ocr_line' id='line_1_1' title="bbox 45 289 979 416; baseline -0.006 -16"><span class='ocrx_word' id='word_1_1' title='bbox 45 289 48 294; x_wconf 21' lang='lat'><strong>⁴</strong></span> <span class='ocrx_word' id='word_1_2' title='bbox 139 336 202 401; x_wconf 85' lang='lat'><strong>160</strong></span> <span class='ocrx_word' id='word_1_3' title='bbox 505 329 646 399; x_wconf 83' lang='lat' dir='ltr'><strong>Sobboto</strong></span> <span class='ocrx_word' id='word_1_4' title='bbox 663 335 739 416; x_wconf 83' lang='lat' dir='ltr'><strong>post</strong></span> <span class='ocrx_word' id='word_1_5' title='bbox 759 329 979 396; x_wconf 69' lang='lat' dir='ltr'><em>Pentecosten.</em></span> 
     </span>
    </p>
   </div>
   <div class='ocr_carea' id='block_1_2' title="bbox 197 496 926 575">
    <p class='ocr_par' dir='ltr' id='par_1_2' title="bbox 197 496 926 575">
     <span class='ocr_line' id='line_1_2' title="bbox 197 496 926 575; baseline -0.004 -17"><span class='ocrx_word' id='word_1_6' title='bbox 197 499 399 574; x_wconf 74' lang='lat' dir='ltr'><strong>anopcliwoa</strong></span> <span class='ocrx_word' id='word_1_7' title='bbox 441 498 609 557; x_wconf 75' lang='lat' dir='ltr'><strong>Secundum</strong></span> <span class='ocrx_word' id='word_1_8' title='bbox 622 498 734 556; x_wconf 82' lang='lat' dir='ltr'><strong>Laecam</strong></span> <span class='ocrx_word' id='word_1_9' title='bbox 751 498 795 574; x_wconf 88' lang='lat' dir='ltr'><strong>(o.</strong></span> <span class='ocrx_word' id='word_1_10' title='bbox 813 496 926 575; x_wconf 81' lang='lat'><em>17-26).</em></span> 
     </span>
    </p>
   </div>
   <div class='ocr_carea' id='block_1_3' title="bbox 137 589 1345 1799">
    <p class='ocr_par' dir='ltr' id='par_1_3' title="bbox 138 589 1345 750">
     <span class='ocr_line' id='line_1_3' title="bbox 198 589 1345 667; baseline 0 -16"><span class='ocrx_word' id='word_1_11' title='bbox 198 593 238 651; x_wconf 89' lang='lat' dir='ltr'><strong>In</strong></span> <span class='ocrx_word' id='word_1_12' title='bbox 257 592 310 650; x_wconf 92' lang='lat' dir='ltr'><strong>illo</strong></span> <span class='ocrx_word' id='word_1_13' title='bbox 322 599 462 667; x_wconf 88' lang='lat' dir='ltr'><strong>tempore,</strong></span> <span class='ocrx_word' id='word_1_14' title='bbox 478 591 604 648; x_wconf 87' lang='lat' dir='ltr'><strong>Factum</strong></span> <span class='ocrx_word' id='word_1_15' title='bbox 618 599 663 648; x_wconf 89' lang='lat' dir='ltr'><strong>est</strong></span> <span class='ocrx_word' id='word_1_16' title='bbox 683 591 715 646; x_wconf 92' lang='lat' dir='ltr'><strong>in</strong></span> <span class='ocrx_word' id='word_1_17' title='bbox 729 610 790 647; x_wconf 91' lang='lat' dir='ltr'><strong>una</strong></span> <span class='ocrx_word' id='word_1_18' title='bbox 803 590 926 663; x_wconf 88' lang='lat' dir='ltr'><strong>dierum,</strong></span> <span class='ocrx_word' id='word_1_19' title='bbox 942 594 973 648; x_wconf 91' lang='lat' dir='ltr'><strong>et</strong></span> <span class='ocrx_word' id='word_1_20' title='bbox 992 589 1015 648; x_wconf 84' lang='lat' dir='ltr'><strong>J</strong></span> <span class='ocrx_word' id='word_1_21' title='bbox 1016 609 1081 649; x_wconf 87' lang='lat' dir='ltr'><strong>esus</strong></span> <span class='ocrx_word' id='word_1_22' title='bbox 1093 589 1216 649; x_wconf 75' lang='lat' dir='ltr'><strong>sedebat</strong></span> <span class='ocrx_word' id='word_1_23' title='bbox 1236 590 1345 651; x_wconf 77' lang='lat' dir='ltr'><strong>doeens¹</strong></span> 
     </span>
     <span class='ocr_line' id='line_1_4' title="bbox 138 671 773 750; baseline -0.003 -18"><span class='ocrx_word' id='word_1_24' title='bbox 138 694 227 750; x_wconf 79' lang='lat' dir='ltr'><strong>usqae</strong></span> <span class='ocrx_word' id='word_1_25' title='bbox 240 675 281 730; x_wconf 88' lang='lat' dir='ltr'><strong>od</strong></span> <span class='ocrx_word' id='word_1_26' title='bbox 294 673 364 749; x_wconf 90' lang='lat' dir='ltr'><strong>quia</strong></span> <span class='ocrx_word' id='word_1_27' title='bbox 377 672 505 729; x_wconf 89' lang='lat' dir='ltr'><strong>vidimus</strong></span> <span class='ocrx_word' id='word_1_28' title='bbox 519 672 667 728; x_wconf 89' lang='lat' dir='ltr'><strong>mirabilia</strong></span> <span class='ocrx_word' id='word_1_29' title='bbox 679 671 773 730; x_wconf 90' lang='lat' dir='ltr'><strong>hodie.</strong></span> 
     </span>
    </p>

    <p class='ocr_par' dir='ltr' id='par_1_4' title="bbox 138 752 1341 910">
     <span class='ocr_line' id='line_1_5' title="bbox 201 752 1341 829; baseline -0.003 -15"><span class='ocrx_word' id='word_1_30' title='bbox 201 754 391 829; x_wconf 81' lang='lat' dir='ltr'><strong>Offertoriom.</strong></span> <span class='ocrx_word' id='word_1_31' title='bbox 435 752 546 824; x_wconf 89' lang='lat' dir='ltr'><strong>Lauda,</strong></span> <span class='ocrx_word' id='word_1_32' title='bbox 568 753 667 809; x_wconf 90' lang='lat' dir='ltr'><strong>anima</strong></span> <span class='ocrx_word' id='word_1_33' title='bbox 686 771 752 810; x_wconf 89' lang='lat' dir='ltr'><strong>mea</strong></span> <span class='ocrx_word' id='word_1_34' title='bbox 772 752 954 810; x_wconf 87' lang='lat' dir='ltr'><strong>Dominum:</strong></span> <span class='ocrx_word' id='word_1_35' title='bbox 980 752 1106 810; x_wconf 80' lang='lat' dir='ltr'>laudabo</span> <span class='ocrx_word' id='word_1_36' title='bbox 1124 752 1292 811; x_wconf 89' lang='lat' dir='ltr'><strong>Dominum</strong></span> <span class='ocrx_word' id='word_1_37' title='bbox 1309 752 1341 811; x_wconf 86' lang='lat' dir='ltr'><strong>in</strong></span> 
     </span>
     <span class='ocr_line' id='line_1_6' title="bbox 138 833 832 910; baseline -0.004 -17"><span class='ocrx_word' id='word_1_38' title='bbox 138 835 202 893; x_wconf 81' lang='lat' dir='ltr'><strong>vita</strong></span> <span class='ocrx_word' id='word_1_39' title='bbox 214 855 297 892; x_wconf 90' lang='lat' dir='ltr'><strong>mea:</strong></span> <span class='ocrx_word' id='word_1_40' title='bbox 317 834 439 910; x_wconf 82' lang='lat' dir='ltr'><strong>psallam</strong></span> <span class='ocrx_word' id='word_1_41' title='bbox 454 834 519 891; x_wconf 92' lang='lat' dir='ltr'><strong>Deo</strong></span> <span class='ocrx_word' id='word_1_42' title='bbox 532 853 597 890; x_wconf 88' lang='lat' dir='ltr'><strong>meo</strong></span> <span class='ocrx_word' id='word_1_43' title='bbox 599 833 762 908; x_wconf 90' lang='lat' dir='ltr'><strong>,quamdiu</strong></span> <span class='ocrx_word' id='word_1_44' title='bbox 776 852 832 890; x_wconf 89' lang='lat' dir='ltr'><strong>ero.</strong></span> 
     </span>
    </p>

    <p class='ocr_par' dir='ltr' id='par_1_5' title="bbox 137 913 1340 1152">
     <span class='ocr_line' id='line_1_7' title="bbox 198 913 1340 990; baseline -0.004 -15"><span class='ocrx_word' id='word_1_45' title='bbox 198 916 318 976; x_wconf 78' lang='lat' dir='ltr'><strong>Secreto.</strong></span> <span class='ocrx_word' id='word_1_46' title='bbox 363 914 517 986; x_wconf 83' lang='lat' dir='ltr'><strong>Sacrificio,</strong></span> <span class='ocrx_word' id='word_1_47' title='bbox 528 914 665 984; x_wconf 86' lang='lat' dir='ltr'><em>Domine,</em></span> <span class='ocrx_word' id='word_1_48' title='bbox 676 914 737 970; x_wconf 88' lang='lat' dir='ltr'><strong>tu1s</strong></span> <span class='ocrx_word' id='word_1_49' title='bbox 747 913 848 971; x_wconf 90' lang='lat' dir='ltr'><strong>oblata</strong></span> <span class='ocrx_word' id='word_1_50' title='bbox 858 913 1080 990; x_wconf 86' lang='lat' dir='ltr'><strong>conspectibus</strong></span> <span class='ocrx_word' id='word_1_51' title='bbox 1070 933 1147 990; x_wconf 83' lang='lat' dir='ltr'><strong>igme</strong></span> <span class='ocrx_word' id='word_1_52' title='bbox 1160 913 1213 971; x_wconf 91' lang='grc'>1111</span> <span class='ocrx_word' id='word_1_53' title='bbox 1223 913 1340 972; x_wconf 76' lang='lat' dir='ltr'><strong>divinus</strong></span> 
     </span>
     <span class='ocr_line' id='line_1_8' title="bbox 137 958 1339 1072; baseline -0.002 -17"><span class='ocrx_word' id='word_1_54' title='bbox 137 1003 286 1055; x_wconf 89' lang='lat' dir='ltr'><strong>assumat:</strong></span> <span class='ocrx_word' id='word_1_55' title='bbox 319 995 371 1072; x_wconf 92' lang='lat' dir='ltr'><strong>qui</strong></span> <span class='ocrx_word' id='word_1_56' title='bbox 395 959 605 1071; x_wconf 84' lang='lat' dir='ltr'><strong>discipulorum</strong></span> <span class='ocrx_word' id='word_1_57' title='bbox 629 958 741 1052; x_wconf 79' lang='lat' dir='ltr'><strong>Christi</strong></span> <span class='ocrx_word' id='word_1_58' title='bbox 767 995 814 1051; x_wconf 90' lang='lat' dir='ltr'><strong>tui</strong></span> <span class='ocrx_word' id='word_1_59' title='bbox 837 1014 890 1070; x_wconf 93' lang='lat' dir='ltr'><strong>per</strong></span> <span class='ocrx_word' id='word_1_60' title='bbox 914 995 1059 1071; x_wconf 89' lang='lat' dir='ltr'><strong>Spiritum</strong></span> <span class='ocrx_word' id='word_1_61' title='bbox 1083 995 1226 1052; x_wconf 83' lang='lat' dir='ltr'><strong>Sanctum</strong></span> <span class='ocrx_word' id='word_1_62' title='bbox 1254 995 1339 1053; x_wconf 81' lang='lat' dir='ltr'><strong>corda</strong></span> 
     </span>
     <span class='ocr_line' id='line_1_9' title="bbox 138 1075 1163 1152; baseline -0.004 -15"><span class='ocrx_word' id='word_1_63' title='bbox 138 1078 295 1138; x_wconf 76' lang='lat' dir='ltr'><strong>succendit.</strong></span> <span class='ocrx_word' id='word_1_64' title='bbox 338 1076 397 1134; x_wconf 89' lang='lat' dir='ltr'><strong>Per</strong></span> <span class='ocrx_word' id='word_1_65' title='bbox 411 1076 544 1133; x_wconf 90' lang='lat' dir='ltr'><strong>eundem.</strong></span> <span class='ocrx_word' id='word_1_66' title='bbox 587 1075 627 1132; x_wconf 92' lang='lat' dir='ltr'><strong>In</strong></span> <span class='ocrx_word' id='word_1_67' title='bbox 640 1076 756 1132; x_wconf 90' lang='lat' dir='ltr'><strong>unitate</strong></span> <span class='ocrx_word' id='word_1_68' title='bbox 769 1076 899 1152; x_wconf 85' lang='lat' dir='ltr'><strong>ejusdem</strong></span> <span class='ocrx_word' id='word_1_69' title='bbox 913 1076 1041 1152; x_wconf 79' lang='lat' dir='ltr'>Spiritus</span> <span class='ocrx_word' id='word_1_70' title='bbox 1054 1075 1163 1133; x_wconf 78' lang='lat' dir='ltr'>Sancti.</span> 
     </span>
    </p>

    <p class='ocr_par' dir='ltr' id='par_1_6' title="bbox 197 1156 1185 1233">
     <span class='ocr_line' id='line_1_10' title="bbox 197 1156 1185 1233; baseline -0.002 -17"><span class='ocrx_word' id='word_1_71' title='bbox 197 1157 347 1233; x_wconf 66' lang='lat' dir='ltr'><strong>Praefatio.</strong></span> <span class='ocrx_word' id='word_1_72' title='bbox 392 1156 452 1226; x_wconf 79' lang='lat' dir='ltr'><strong>Qui</strong></span> <span class='ocrx_word' id='word_1_73' title='bbox 464 1156 630 1216; x_wconf 89' lang='lat' dir='ltr'><strong>ascendens.</strong></span> <span class='ocrx_word' id='word_1_74' title='bbox 674 1156 938 1214; x_wconf 74' lang='lat' dir='ltr'><strong>communicantes.</strong></span> <span class='ocrx_word' id='word_1_75' title='bbox 981 1156 1070 1214; x_wconf 90' lang='lat' dir='ltr'><strong>Hanc</strong></span> <span class='ocrx_word' id='word_1_76' title='bbox 1083 1156 1185 1233; x_wconf 85' lang='lat' dir='ltr'><strong>igitur.</strong></span> 
     </span>
    </p>

    <p class='ocr_par' dir='ltr' id='par_1_7' title="bbox 200 1238 380 1298">
     <span class='ocr_line' id='line_1_11' title="bbox 200 1238 380 1298; baseline -0.017 0"><span class='ocrx_word' id='word_1_77' title='bbox 200 1238 380 1298; x_wconf 66' lang='lat' dir='ltr'><strong>emmona.</strong></span> 
     </span>
    </p>

    <p class='ocr_par' dir='ltr' id='par_1_8' title="bbox 137 1317 1338 1474">
     <span class='ocr_line' id='line_1_12' title="bbox 198 1317 1338 1397; baseline -0.001 -20"><span class='ocrx_word' id='word_1_78' title='bbox 198 1320 327 1397; x_wconf 75' lang='lat' dir='ltr'>Spiritus</span> <span class='ocrx_word' id='word_1_79' title='bbox 348 1317 401 1374; x_wconf 90' lang='lat' dir='ltr'><strong>ubi</strong></span> <span class='ocrx_word' id='word_1_80' title='bbox 422 1318 489 1375; x_wconf 81' lang='lat' dir='ltr'><strong>vult</strong></span> <span class='ocrx_word' id='word_1_81' title='bbox 509 1318 611 1394; x_wconf 90' lang='lat' dir='ltr'><strong>spirat,</strong></span> <span class='ocrx_word' id='word_1_82' title='bbox 635 1323 666 1374; x_wconf 93' lang='lat' dir='ltr'><strong>et</strong></span> <span class='ocrx_word' id='word_1_83' title='bbox 685 1337 787 1375; x_wconf 91' lang='lat' dir='ltr'><strong>vocem</strong></span> <span class='ocrx_word' id='word_1_84' title='bbox 809 1318 872 1394; x_wconf 86' lang='lat' dir='ltr'><strong>ejus</strong></span> <span class='ocrx_word' id='word_1_85' title='bbox 890 1317 982 1391; x_wconf 89' lang='lat' dir='ltr'><strong>audis,</strong></span> <span class='ocrx_word' id='word_1_86' title='bbox 998 1318 1143 1393; x_wconf 77' lang='lat' dir='ltr'><strong>alleluya:</strong></span> <span class='ocrx_word' id='word_1_87' title='bbox 1173 1317 1226 1376; x_wconf 89' lang='lat' dir='ltr'><strong>sed</strong></span> <span class='ocrx_word' id='word_1_88' title='bbox 1248 1317 1338 1376; x_wconf 85' lang='lat' dir='ltr'><strong>nescis</strong></span> 
     </span>
     <span class='ocr_line' id='line_1_13' title="bbox 137 1398 877 1474; baseline -0.001 -16"><span class='ocrx_word' id='word_1_89' title='bbox 137 1401 216 1459; x_wconf 91' lang='lat' dir='ltr'><strong>unde</strong></span> <span class='ocrx_word' id='word_1_90' title='bbox 230 1401 330 1457; x_wconf 89' lang='lat' dir='ltr'><strong>veniat</strong></span> <span class='ocrx_word' id='word_1_91' title='bbox 343 1405 396 1456; x_wconf 91' lang='lat' dir='ltr'><strong>aut</strong></span> <span class='ocrx_word' id='word_1_92' title='bbox 409 1418 468 1474; x_wconf 91' lang='lat' dir='ltr'><strong>quo</strong></span> <span class='ocrx_word' id='word_1_93' title='bbox 482 1399 579 1472; x_wconf 87' lang='lat' dir='ltr'><strong>vadat,</strong></span> <span class='ocrx_word' id='word_1_94' title='bbox 594 1399 729 1474; x_wconf 87' lang='lat' dir='ltr'><strong>alleluya,</strong></span> <span class='ocrx_word' id='word_1_95' title='bbox 744 1398 877 1474; x_wconf 85' lang='lat' dir='ltr'><strong>alleluya.</strong></span> 
     </span>
    </p>

    <p class='ocr_par' dir='ltr' id='par_1_9' title="bbox 197 1480 436 1539">
     <span class='ocr_line' id='line_1_14' title="bbox 197 1480 436 1539; baseline -0.017 0"><span class='ocrx_word' id='word_1_96' title='bbox 197 1480 436 1539; x_wconf 81' lang='lat' dir='ltr'><strong>Postoomoccoaio.</strong></span> 
     </span>
    </p>

    <p class='ocr_par' dir='ltr' id='par_1_10' title="bbox 137 1559 1337 1799">
     <span class='ocr_line' id='line_1_15' title="bbox 198 1559 1337 1638; baseline -0.003 -18"><span class='ocrx_word' id='word_1_97' title='bbox 198 1562 389 1638; x_wconf 90' lang='lat' dir='ltr'><strong>Sumpsimus‚</strong></span> <span class='ocrx_word' id='word_1_98' title='bbox 409 1561 546 1630; x_wconf 86' lang='lat' dir='ltr'><strong>Domine,</strong></span> <span class='ocrx_word' id='word_1_99' title='bbox 568 1561 641 1617; x_wconf 78' lang='lat' dir='ltr'><strong>sacri</strong></span> <span class='ocrx_word' id='word_1_100' title='bbox 662 1560 740 1626; x_wconf 91' lang='lat' dir='ltr'><strong>dona</strong></span> <span class='ocrx_word' id='word_1_101' title='bbox 763 1559 905 1635; x_wconf 79' lang='lat' dir='ltr'><strong>mysten&#39;i,</strong></span> <span class='ocrx_word' id='word_1_102' title='bbox 920 1559 1074 1618; x_wconf 90' lang='lat' dir='ltr'><strong>humiliter</strong></span> <span class='ocrx_word' id='word_1_103' title='bbox 1092 1560 1285 1636; x_wconf 82' lang='lat' dir='ltr'><strong>deprecantes</strong></span> <span class='ocrx_word' id='word_1_104' title='bbox 1306 1563 1337 1618; x_wconf 90' lang='lat' dir='ltr'><strong>ut</strong></span> 
     </span>
     <span class='ocr_line' id='line_1_16' title="bbox 137 1641 1336 1718; baseline -0.001 -20"><span class='ocrx_word' id='word_1_105' title='bbox 137 1662 202 1718; x_wconf 88' lang='lat' dir='ltr'><strong>quae</strong></span> <span class='ocrx_word' id='word_1_106' title='bbox 224 1644 257 1700; x_wconf 93' lang='lat' dir='ltr'><strong>in</strong></span> <span class='ocrx_word' id='word_1_107' title='bbox 279 1642 326 1699; x_wconf 92' lang='lat' dir='ltr'><strong>tui</strong></span> <span class='ocrx_word' id='word_1_108' title='bbox 347 1641 620 1699; x_wconf 80' lang='lat' dir='ltr'><strong>commemoratione</strong></span> <span class='ocrx_word' id='word_1_109' title='bbox 643 1661 697 1698; x_wconf 92' lang='lat' dir='ltr'><strong>nos</strong></span> <span class='ocrx_word' id='word_1_110' title='bbox 718 1642 812 1698; x_wconf 85' lang='lat' dir='ltr'><strong>facere</strong></span> <span class='ocrx_word' id='word_1_111' title='bbox 833 1642 1006 1717; x_wconf 82' lang='lat' dir='ltr'><strong>praecepisti,</strong></span> <span class='ocrx_word' id='word_1_112' title='bbox 1029 1647 1205 1717; x_wconf 75' lang='lat' dir='ltr'><strong>cooperante</strong></span> <span class='ocrx_word' id='word_1_113' title='bbox 1226 1641 1336 1717; x_wconf 85' lang='lat' dir='ltr'><strong>Spiritu</strong></span> 
     </span>
     <span class='ocr_line' id='line_1_17' title="bbox 137 1721 1336 1799; baseline 0 -20"><span class='ocrx_word' id='word_1_114' title='bbox 137 1723 254 1794; x_wconf 89' lang='lat' dir='ltr'><strong>Sancto,</strong></span> <span class='ocrx_word' id='word_1_115' title='bbox 281 1723 314 1779; x_wconf 90' lang='lat' dir='ltr'><strong>in</strong></span> <span class='ocrx_word' id='word_1_116' title='bbox 337 1728 445 1779; x_wconf 87' lang='lat' dir='ltr'><strong>nostroe</strong></span> <span class='ocrx_word' id='word_1_117' title='bbox 472 1722 627 1799; x_wconf 88' lang='lat' dir='ltr'><strong>proficiant</strong></span> <span class='ocrx_word' id='word_1_118' title='bbox 649 1722 833 1779; x_wconf 87' lang='lat' dir='ltr'><strong>infirmitatis</strong></span> <span class='ocrx_word' id='word_1_119' title='bbox 856 1723 1010 1780; x_wconf 83' lang='lat' dir='ltr'><strong>auxilium.</strong></span> <span class='ocrx_word' id='word_1_120' title='bbox 1054 1722 1119 1780; x_wconf 90' lang='lat' dir='ltr'><strong>Per.</strong></span> <span class='ocrx_word' id='word_1_121' title='bbox 1162 1721 1204 1779; x_wconf 90' lang='lat' dir='ltr'><strong>In</strong></span> <span class='ocrx_word' id='word_1_122' title='bbox 1223 1722 1336 1779; x_wconf 76' lang='lat' dir='ltr'><strong>unitate</strong></span> 
     </span>
    </p>
   </div>
   <div class='ocr_carea' id='block_1_4' title="bbox 137 1804 275 1880">
    <p class='ocr_par' dir='ltr' id='par_1_11' title="bbox 137 1804 275 1880">
     <span class='ocr_line' id='line_1_18' title="bbox 137 1804 275 1880; baseline 0.014 -20"><span class='ocrx_word' id='word_1_123' title='bbox 137 1804 275 1880; x_wconf 85' lang='lat' dir='ltr'><strong>ejusdem</strong></span> 
     </span>
    </p>
   </div>
   <div class='ocr_carea' id='block_1_5' title="bbox 133 1961 1332 3031">
    <p class='ocr_par' dir='ltr' id='par_1_12' title="bbox 660 1961 807 2020">
     <span class='ocr_line' id='line_1_19' title="bbox 660 1961 807 2020; baseline 0.007 -1"><span class='ocrx_word' id='word_1_124' title='bbox 660 1961 807 2020; x_wconf 75' lang='lat' dir='ltr'><strong>Sarrano.</strong></span> 
     </span>
    </p>

    <p class='ocr_par' dir='ltr' id='par_1_13' title="bbox 198 2066 402 2143">
     <span class='ocr_line' id='line_1_20' title="bbox 198 2066 402 2143; baseline 0 -18"><span class='ocrx_word' id='word_1_125' title='bbox 198 2066 339 2143; x_wconf 80' lang='lat' dir='ltr'><strong>Officium.</strong></span> <span class='ocrx_word' id='word_1_126' title='bbox 399 2085 402 2092; x_wconf 85' lang='lat'><em>·</em></span> 
     </span>
    </p>

    <p class='ocr_par' dir='ltr' id='par_1_14' title="bbox 136 2146 1332 2308">
     <span class='ocr_line' id='line_1_21' title="bbox 196 2146 1332 2226; baseline -0.002 -20"><span class='ocrx_word' id='word_1_127' title='bbox 196 2149 311 2207; x_wconf 77' lang='lat' dir='ltr'><strong>Caritas</strong></span> <span class='ocrx_word' id='word_1_128' title='bbox 326 2149 383 2206; x_wconf 91' lang='lat' dir='ltr'><strong>Dei</strong></span> <span class='ocrx_word' id='word_1_129' title='bbox 396 2148 501 2206; x_wconf 85' lang='lat' dir='ltr'><strong>diffusa</strong></span> <span class='ocrx_word' id='word_1_130' title='bbox 512 2147 577 2204; x_wconf 89' lang='grc'><strong>111</strong></span> <span class='ocrx_word' id='word_1_131' title='bbox 569 2168 601 2203; x_wconf 91' lang='grc'><strong>11</strong></span> <span class='ocrx_word' id='word_1_132' title='bbox 616 2147 751 2204; x_wconf 80' lang='lat' dir='ltr'><strong>cordibus</strong></span> <span class='ocrx_word' id='word_1_133' title='bbox 764 2147 882 2221; x_wconf 92' lang='lat' dir='ltr'><strong>nostris,</strong></span> <span class='ocrx_word' id='word_1_134' title='bbox 884 2146 1034 2226; x_wconf 72' lang='lat' dir='ltr'><strong>alleluya:</strong></span> <span class='ocrx_word' id='word_1_135' title='bbox 1054 2166 1108 2224; x_wconf 89' lang='lat' dir='ltr'><strong>per</strong></span> <span class='ocrx_word' id='word_1_136' title='bbox 1120 2146 1332 2207; x_wconf 85' lang='lat' dir='ltr'><strong>inhabitantem</strong></span> 
     </span>
     <span class='ocr_line' id='line_1_22' title="bbox 136 2228 916 2308; baseline -0.003 -20"><span class='ocrx_word' id='word_1_137' title='bbox 136 2230 319 2308; x_wconf 89' lang='lat' dir='ltr'><strong>Spiritum</strong></span> <span class='ocrx_word' id='word_1_138' title='bbox 295 2250 358 2306; x_wconf 80' lang='lat' dir='ltr'><strong>eyus</strong></span> <span class='ocrx_word' id='word_1_139' title='bbox 371 2230 404 2287; x_wconf 93' lang='lat' dir='ltr'><strong>in</strong></span> <span class='ocrx_word' id='word_1_140' title='bbox 417 2229 511 2300; x_wconf 90' lang='lat' dir='ltr'><strong>nobis,</strong></span> <span class='ocrx_word' id='word_1_141' title='bbox 526 2229 661 2304; x_wconf 87' lang='lat' dir='ltr'><strong>alleluya,</strong></span> <span class='ocrx_word' id='word_1_142' title='bbox 677 2228 812 2306; x_wconf 89' lang='lat' dir='ltr'><strong>alleluya.</strong></span> <span class='ocrx_word' id='word_1_143' title='bbox 914 2289 916 2293; x_wconf 73' lang='grc'>,</span> 
     </span>
    </p>

    <p class='ocr_par' dir='ltr' id='par_1_15' title="bbox 197 2311 342 2369">
     <span class='ocr_line' id='line_1_23' title="bbox 197 2311 342 2369; baseline 0 -1"><span class='ocrx_word' id='word_1_144' title='bbox 197 2311 342 2369; x_wconf 80' lang='lat' dir='ltr'><strong>Psalmos.</strong></span> 
     </span>
    </p>

    <p class='ocr_par' dir='ltr' id='par_1_16' title="bbox 196 2391 1202 2450">
     <span class='ocr_line' id='line_1_24' title="bbox 196 2391 1202 2450; baseline 0.001 -1"><span class='ocrx_word' id='word_1_145' title='bbox 196 2392 323 2449; x_wconf 91' lang='lat' dir='ltr'><strong>Domine</strong></span> <span class='ocrx_word' id='word_1_146' title='bbox 337 2392 419 2449; x_wconf 91' lang='lat' dir='ltr'><strong>Deus</strong></span> <span class='ocrx_word' id='word_1_147' title='bbox 434 2391 537 2448; x_wconf 87' lang='lat' dir='ltr'><strong>salutis</strong></span> <span class='ocrx_word' id='word_1_148' title='bbox 550 2410 638 2448; x_wconf 86' lang='lat' dir='ltr'><strong>meae:</strong></span> <span class='ocrx_word' id='word_1_149' title='bbox 663 2391 696 2447; x_wconf 92' lang='lat' dir='ltr'><strong>in</strong></span> <span class='ocrx_word' id='word_1_150' title='bbox 709 2391 757 2448; x_wconf 89' lang='lat' dir='ltr'><strong>die</strong></span> <span class='ocrx_word' id='word_1_151' title='bbox 770 2391 896 2450; x_wconf 86' lang='lat' dir='ltr'><strong>clamavi</strong></span> <span class='ocrx_word' id='word_1_152' title='bbox 909 2397 939 2450; x_wconf 89' lang='lat' dir='ltr'><strong>et</strong></span> <span class='ocrx_word' id='word_1_153' title='bbox 952 2396 1038 2449; x_wconf 90' lang='lat' dir='ltr'><strong>nocte</strong></span> <span class='ocrx_word' id='word_1_154' title='bbox 1052 2409 1150 2448; x_wconf 89' lang='lat' dir='ltr'><strong>coram</strong></span> <span class='ocrx_word' id='word_1_155' title='bbox 1162 2397 1202 2450; x_wconf 83' lang='lat' dir='ltr'><strong>ta</strong></span> 
     </span>
    </p>

    <p class='ocr_par' dir='ltr' id='par_1_17' title="bbox 197 2472 568 2530">
     <span class='ocr_line' id='line_1_25' title="bbox 197 2472 568 2530; baseline -0.005 0"><span class='ocrx_word' id='word_1_156' title='bbox 197 2472 321 2530; x_wconf 86' lang='lat' dir='ltr'><strong>Gloria</strong></span> <span class='ocrx_word' id='word_1_157' title='bbox 313 2493 345 2529; x_wconf 91' lang='lat' dir='ltr'><strong>m</strong></span> <span class='ocrx_word' id='word_1_158' title='bbox 359 2473 482 2529; x_wconf 84' lang='lat' dir='ltr'><strong>excelsis</strong></span> <span class='ocrx_word' id='word_1_159' title='bbox 496 2472 568 2528; x_wconf 87' lang='lat' dir='ltr'><strong>Dec.</strong></span> 
     </span>
    </p>

    <p class='ocr_par' dir='ltr' id='par_1_18' title="bbox 135 2552 1331 2710">
     <span class='ocr_line' id='line_1_26' title="bbox 197 2552 1331 2628; baseline 0 -17"><span class='ocrx_word' id='word_1_160' title='bbox 197 2555 302 2611; x_wconf 78' lang='lat' dir='ltr'><strong>Omnes</strong></span> <span class='ocrx_word' id='word_1_161' title='bbox 321 2554 463 2610; x_wconf 79' lang='lat' dir='ltr'><strong>oratioaes</strong></span> <span class='ocrx_word' id='word_1_162' title='bbox 483 2552 625 2610; x_wconf 77' lang='lat' dir='ltr'><strong>dicantar</strong></span> <span class='ocrx_word' id='word_1_163' title='bbox 643 2552 703 2610; x_wconf 76' lang='lat' dir='ltr'><strong>sicae</strong></span> <span class='ocrx_word' id='word_1_164' title='bbox 717 2553 864 2610; x_wconf 88' lang='lat' dir='ltr'><strong>Dominus</strong></span> <span class='ocrx_word' id='word_1_165' title='bbox 884 2553 1035 2611; x_wconf 86' lang='lat' dir='ltr'><strong>vobiscum</strong></span> <span class='ocrx_word' id='word_1_166' title='bbox 1050 2561 1158 2628; x_wconf 76' lang='lat' dir='ltr'><strong>preater</strong></span> <span class='ocrx_word' id='word_1_167' title='bbox 1178 2553 1331 2612; x_wconf 77' lang='lat' dir='ltr'><strong>orationem</strong></span> 
     </span>
     <span class='ocr_line' id='line_1_27' title="bbox 135 2634 962 2710; baseline 0.001 -20"><span class='ocrx_word' id='word_1_168' title='bbox 135 2634 226 2705; x_wconf 89' lang='lat' dir='ltr'><strong>Deus,</strong></span> <span class='ocrx_word' id='word_1_169' title='bbox 242 2635 295 2710; x_wconf 91' lang='lat' dir='ltr'><strong>qui</strong></span> <span class='ocrx_word' id='word_1_170' title='bbox 307 2635 403 2690; x_wconf 87' lang='lat' dir='ltr'><strong>tribus</strong></span> <span class='ocrx_word' id='word_1_171' title='bbox 416 2634 523 2709; x_wconf 88' lang='lat' dir='ltr'><strong>pueris,</strong></span> <span class='ocrx_word' id='word_1_172' title='bbox 533 2634 684 2708; x_wconf 71' lang='lat' dir='ltr'><strong>promisso</strong></span> <span class='ocrx_word' id='word_1_173' title='bbox 700 2643 815 2691; x_wconf 77' lang='lat' dir='ltr'><strong>tontum</strong></span> <span class='ocrx_word' id='word_1_174' title='bbox 829 2634 962 2692; x_wconf 90' lang='lat' dir='ltr'><strong>Oremus.</strong></span> 
     </span>
    </p>

    <p class='ocr_par' dir='ltr' id='par_1_19' title="bbox 197 2714 304 2772">
     <span class='ocr_line' id='line_1_28' title="bbox 197 2714 304 2772; baseline -0.019 0"><span class='ocrx_word' id='word_1_175' title='bbox 197 2714 304 2772; x_wconf 80' lang='lat' dir='ltr'><strong>Oratio.</strong></span> 
     </span>
    </p>

    <p class='ocr_par' dir='ltr' id='par_1_20' title="bbox 133 2794 1331 3031">
     <span class='ocr_line' id='line_1_29' title="bbox 195 2794 1331 2872; baseline -0.001 -21"><span class='ocrx_word' id='word_1_176' title='bbox 195 2794 349 2851; x_wconf 88' lang='lat' dir='ltr'><strong>Mentibus</strong></span> <span class='ocrx_word' id='word_1_177' title='bbox 371 2795 486 2864; x_wconf 85' lang='grc'>1111111,</span> <span class='ocrx_word' id='word_1_178' title='bbox 505 2814 679 2869; x_wconf 84' lang='lat' dir='ltr'><strong>quaesumus,</strong></span> <span class='ocrx_word' id='word_1_179' title='bbox 700 2795 836 2865; x_wconf 88' lang='lat' dir='ltr'><strong>Domine,</strong></span> <span class='ocrx_word' id='word_1_180' title='bbox 856 2795 1002 2872; x_wconf 90' lang='lat' dir='ltr'><strong>Spiritum</strong></span> <span class='ocrx_word' id='word_1_181' title='bbox 1026 2794 1169 2853; x_wconf 91' lang='lat' dir='ltr'><strong>Sanctum</strong></span> <span class='ocrx_word' id='word_1_182' title='bbox 1192 2795 1331 2872; x_wconf 74' lang='lat' dir='ltr'><strong>benignm</strong></span> 
     </span>
     <span class='ocr_line' id='line_1_30' title="bbox 133 2875 1329 2953; baseline -0.002 -21"><span class='ocrx_word' id='word_1_183' title='bbox 133 2875 257 2933; x_wconf 85' lang='lat' dir='ltr'><strong>infunde</strong></span> <span class='ocrx_word' id='word_1_184' title='bbox 267 2896 276 2947; x_wconf 79' lang='lat'>3</span> <span class='ocrx_word' id='word_1_185' title='bbox 302 2876 385 2950; x_wconf 88' lang='lat' dir='ltr'><strong>cujus</strong></span> <span class='ocrx_word' id='word_1_186' title='bbox 403 2881 433 2932; x_wconf 91' lang='lat' dir='ltr'><strong>et</strong></span> <span class='ocrx_word' id='word_1_187' title='bbox 455 2875 599 2951; x_wconf 77' lang='lat' dir='ltr'><strong>sapientia</strong></span> <span class='ocrx_word' id='word_1_188' title='bbox 613 2876 724 2933; x_wconf 90' lang='lat' dir='ltr'><strong>conditi</strong></span> <span class='ocrx_word' id='word_1_189' title='bbox 746 2896 846 2934; x_wconf 89' lang='lat' dir='ltr'><strong>sumus</strong></span> <span class='ocrx_word' id='word_1_190' title='bbox 869 2883 899 2934; x_wconf 91' lang='lat' dir='ltr'><strong>et</strong></span> <span class='ocrx_word' id='word_1_191' title='bbox 920 2876 1106 2953; x_wconf 87' lang='lat' dir='ltr'><strong>providentia</strong></span> <span class='ocrx_word' id='word_1_192' title='bbox 1127 2877 1329 2953; x_wconf 83' lang='lat' dir='ltr'><strong>gubernamur.</strong></span> 
     </span>
     <span class='ocr_line' id='line_1_31' title="bbox 133 2956 739 3031; baseline 0.002 -17"><span class='ocrx_word' id='word_1_193' title='bbox 133 2956 192 3014; x_wconf 89' lang='lat' dir='ltr'><strong>Per</strong></span> <span class='ocrx_word' id='word_1_194' title='bbox 205 2956 376 3014; x_wconf 91' lang='lat' dir='ltr'><strong>Dominum.</strong></span> <span class='ocrx_word' id='word_1_195' title='bbox 419 2956 459 3012; x_wconf 88' lang='grc'><strong>11</strong></span> <span class='ocrx_word' id='word_1_196' title='bbox 472 2956 587 3013; x_wconf 85' lang='lat' dir='ltr'><strong>unitate</strong></span> <span class='ocrx_word' id='word_1_197' title='bbox 601 2958 739 3031; x_wconf 88' lang='lat' dir='ltr'><strong>ejusdem.</strong></span> 
     </span>
    </p>
   </div>
   <div class='ocr_carea' id='block_1_6' title="bbox 130 3053 1331 4182">
    <p class='ocr_par' dir='ltr' id='par_1_21' title="bbox 192 3053 684 3130">
     <span class='ocr_line' id='line_1_32' title="bbox 192 3053 684 3130; baseline -0.002 -19"><span class='ocrx_word' id='word_1_198' title='bbox 192 3053 289 3111; x_wconf 82' lang='lat' dir='ltr'><strong>Lectio</strong></span> <span class='ocrx_word' id='word_1_199' title='bbox 303 3054 401 3110; x_wconf 72' lang='lat' dir='ltr'><strong>Esaiae</strong></span> <span class='ocrx_word' id='word_1_200' title='bbox 415 3053 564 3128; x_wconf 76' lang='lat' dir='ltr'><strong>Proptetoc</strong></span> <span class='ocrx_word' id='word_1_201' title='bbox 578 3053 684 3130; x_wconf 80' lang='lat' dir='ltr'><strong>(ectio.)</strong></span> 
     </span>
    </p>

    <p class='ocr_par' dir='ltr' id='par_1_22' title="bbox 130 3133 1331 3777">
     <span class='ocr_line' id='line_1_33' title="bbox 194 3133 1331 3212; baseline -0.002 -20"><span class='ocrx_word' id='word_1_202' title='bbox 194 3134 269 3193; x_wconf 88' lang='lat' dir='ltr'><strong>Haec</strong></span> <span class='ocrx_word' id='word_1_203' title='bbox 290 3135 361 3191; x_wconf 90' lang='lat' dir='ltr'><strong>dicit</strong></span> <span class='ocrx_word' id='word_1_204' title='bbox 381 3135 528 3191; x_wconf 91' lang='lat' dir='ltr'><strong>Dominus</strong></span> <span class='ocrx_word' id='word_1_205' title='bbox 548 3135 647 3192; x_wconf 90' lang='lat' dir='ltr'><strong>Deus:</strong></span> <span class='ocrx_word' id='word_1_206' title='bbox 669 3134 762 3206; x_wconf 90' lang='lat' dir='ltr'><strong>Audi,</strong></span> <span class='ocrx_word' id='word_1_207' title='bbox 778 3133 872 3192; x_wconf 86' lang='lat' dir='ltr'><strong>Jacob</strong></span> <span class='ocrx_word' id='word_1_208' title='bbox 892 3154 975 3193; x_wconf 90' lang='lat' dir='ltr'><strong>serve</strong></span> <span class='ocrx_word' id='word_1_209' title='bbox 995 3154 1077 3192; x_wconf 92' lang='lat' dir='ltr'><strong>meus</strong></span> <span class='ocrx_word' id='word_1_210' title='bbox 1091 3140 1122 3193; x_wconf 91' lang='lat' dir='ltr'><strong>et</strong></span> <span class='ocrx_word' id='word_1_211' title='bbox 1136 3134 1231 3192; x_wconf 86' lang='lat' dir='ltr'><strong>Israel</strong></span> <span class='ocrx_word' id='word_1_212' title='bbox 1248 3151 1331 3212; x_wconf 90' lang='lat' dir='ltr'><strong>quem</strong></span> 
     </span>
     <span class='ocr_line' id='line_1_34' title="bbox 133 3215 1331 3292; baseline -0.003 -19"><span class='ocrx_word' id='word_1_213' title='bbox 133 3216 227 3292; x_wconf 78' lang='lat' dir='ltr'><strong>elegi,</strong></span> <span class='ocrx_word' id='word_1_214' title='bbox 251 3215 359 3272; x_wconf 84' lang='lat' dir='ltr'><strong>faciens</strong></span> <span class='ocrx_word' id='word_1_215' title='bbox 380 3223 410 3272; x_wconf 89' lang='lat' dir='ltr'><strong>et</strong></span> <span class='ocrx_word' id='word_1_216' title='bbox 430 3217 559 3272; x_wconf 83' lang='lat' dir='ltr'><strong>formans</strong></span> <span class='ocrx_word' id='word_1_217' title='bbox 579 3221 610 3272; x_wconf 92' lang='grc'><strong>11</strong></span> <span class='ocrx_word' id='word_1_218' title='bbox 628 3217 666 3273; x_wconf 89' lang='lat' dir='ltr'><strong>ab</strong></span> <span class='ocrx_word' id='word_1_219' title='bbox 683 3225 776 3287; x_wconf 89' lang='lat' dir='ltr'><strong>utero,</strong></span> <span class='ocrx_word' id='word_1_220' title='bbox 797 3216 958 3273; x_wconf 86' lang='lat' dir='ltr'><strong>auxiliator</strong></span> <span class='ocrx_word' id='word_1_221' title='bbox 978 3222 1055 3273; x_wconf 84' lang='lat' dir='ltr'><strong>tuus.</strong></span> <span class='ocrx_word' id='word_1_222' title='bbox 1098 3215 1177 3285; x_wconf 79' lang='lat' dir='ltr'><strong>Quia</strong></span> <span class='ocrx_word' id='word_1_223' title='bbox 1196 3234 1251 3292; x_wconf 88' lang='lat' dir='ltr'><strong>ego</strong></span> <span class='ocrx_word' id='word_1_224' title='bbox 1271 3232 1331 3273; x_wconf 91' lang='lat' dir='ltr'><strong>sum</strong></span> 
     </span>
     <span class='ocr_line' id='line_1_35' title="bbox 132 3295 1331 3372; baseline -0.002 -18"><span class='ocrx_word' id='word_1_225' title='bbox 132 3297 185 3372; x_wconf 87' lang='lat' dir='ltr'><strong>qui</strong></span> <span class='ocrx_word' id='word_1_226' title='bbox 198 3297 280 3354; x_wconf 88' lang='lat' dir='ltr'><strong>deleo</strong></span> <span class='ocrx_word' id='word_1_227' title='bbox 294 3296 466 3372; x_wconf 88' lang='lat' dir='ltr'><strong>iniquitates</strong></span> <span class='ocrx_word' id='word_1_228' title='bbox 479 3303 546 3353; x_wconf 87' lang='lat' dir='ltr'><strong>tuas</strong></span> <span class='ocrx_word' id='word_1_229' title='bbox 560 3301 680 3372; x_wconf 88' lang='lat' dir='ltr'><strong>propter</strong></span> <span class='ocrx_word' id='word_1_230' title='bbox 693 3305 790 3368; x_wconf 68' lang='grc'>11111</span> <span class='ocrx_word' id='word_1_231' title='bbox 803 3303 989 3372; x_wconf 90' lang='lat' dir='ltr'><strong>peccatorum</strong></span> <span class='ocrx_word' id='word_1_232' title='bbox 1000 3304 1120 3353; x_wconf 91' lang='lat' dir='ltr'><strong>tuorum</strong></span> <span class='ocrx_word' id='word_1_233' title='bbox 1129 3316 1191 3353; x_wconf 90' lang='lat' dir='ltr'><strong>non</strong></span> <span class='ocrx_word' id='word_1_234' title='bbox 1204 3295 1331 3354; x_wconf 71' lang='lat' dir='ltr'><strong>recorda·</strong></span> 
     </span>
     <span class='ocr_line' id='line_1_36' title="bbox 132 3376 1330 3454; baseline -0.001 -20"><span class='ocrx_word' id='word_1_235' title='bbox 132 3378 193 3436; x_wconf 92' lang='lat' dir='ltr'><strong>bor.</strong></span> <span class='ocrx_word' id='word_1_236' title='bbox 231 3377 335 3435; x_wconf 89' lang='lat' dir='ltr'><strong>Reduc</strong></span> <span class='ocrx_word' id='word_1_237' title='bbox 346 3397 392 3434; x_wconf 89' lang='lat' dir='ltr'><strong>me</strong></span> <span class='ocrx_word' id='word_1_238' title='bbox 406 3377 437 3433; x_wconf 94' lang='lat' dir='ltr'><strong>in</strong></span> <span class='ocrx_word' id='word_1_239' title='bbox 452 3377 631 3449; x_wconf 89' lang='lat' dir='ltr'><strong>memoriam,</strong></span> <span class='ocrx_word' id='word_1_240' title='bbox 642 3386 678 3434; x_wconf 88' lang='lat' dir='ltr'><strong>ut</strong></span> <span class='ocrx_word' id='word_1_241' title='bbox 688 3377 884 3453; x_wconf 87' lang='lat' dir='ltr'><strong>justificemur</strong></span> <span class='ocrx_word' id='word_1_242' title='bbox 897 3378 992 3435; x_wconf 91' lang='lat' dir='ltr'><strong>simul.</strong></span> <span class='ocrx_word' id='word_1_243' title='bbox 1032 3376 1098 3448; x_wconf 90' lang='lat' dir='ltr'><strong>Dic,</strong></span> <span class='ocrx_word' id='word_1_244' title='bbox 1111 3377 1136 3434; x_wconf 89' lang='grc'><strong>11</strong></span> <span class='ocrx_word' id='word_1_245' title='bbox 1150 3376 1224 3454; x_wconf 89' lang='lat' dir='ltr'><strong>quid</strong></span> <span class='ocrx_word' id='word_1_246' title='bbox 1236 3377 1330 3446; x_wconf 87' lang='lat' dir='ltr'><strong>habes,</strong></span> 
     </span>
     <span class='ocr_line' id='line_1_37' title="bbox 130 3455 1329 3533; baseline -0.003 -17"><span class='ocrx_word' id='word_1_247' title='bbox 130 3465 166 3516; x_wconf 89' lang='lat' dir='ltr'><strong>ut</strong></span> <span class='ocrx_word' id='word_1_248' title='bbox 182 3459 387 3533; x_wconf 85' lang='lat' dir='ltr'><strong>justificemur.</strong></span> <span class='ocrx_word' id='word_1_249' title='bbox 431 3458 503 3514; x_wconf 88' lang='lat' dir='ltr'><strong>Noli</strong></span> <span class='ocrx_word' id='word_1_250' title='bbox 518 3458 630 3530; x_wconf 89' lang='lat' dir='ltr'><strong>timere,</strong></span> <span class='ocrx_word' id='word_1_251' title='bbox 646 3477 728 3514; x_wconf 89' lang='lat' dir='ltr'><strong>serve</strong></span> <span class='ocrx_word' id='word_1_252' title='bbox 748 3458 792 3515; x_wconf 89' lang='lat' dir='ltr'><strong>mi</strong></span> <span class='ocrx_word' id='word_1_253' title='bbox 806 3458 900 3515; x_wconf 85' lang='lat' dir='ltr'><strong>Jacob</strong></span> <span class='ocrx_word' id='word_1_254' title='bbox 915 3465 945 3515; x_wconf 89' lang='grc'><strong>11</strong></span> <span class='ocrx_word' id='word_1_255' title='bbox 963 3458 1132 3528; x_wconf 89' lang='lat' dir='ltr'><strong>rectissime,</strong></span> <span class='ocrx_word' id='word_1_256' title='bbox 1148 3476 1238 3533; x_wconf 89' lang='lat' dir='ltr'><strong>quem</strong></span> <span class='ocrx_word' id='word_1_257' title='bbox 1252 3455 1329 3533; x_wconf 80' lang='lat' dir='ltr'><strong>elegi.</strong></span> 
     </span>
     <span class='ocr_line' id='line_1_38' title="bbox 131 3537 1331 3614; baseline -0.001 -18"><span class='ocrx_word' id='word_1_258' title='bbox 131 3539 290 3596; x_wconf 86' lang='lat' dir='ltr'><strong>Effundam</strong></span> <span class='ocrx_word' id='word_1_259' title='bbox 312 3558 418 3614; x_wconf 88' lang='lat' dir='ltr'><strong>aquam</strong></span> <span class='ocrx_word' id='word_1_260' title='bbox 440 3558 526 3614; x_wconf 91' lang='lat' dir='ltr'><strong>super</strong></span> <span class='ocrx_word' id='word_1_261' title='bbox 544 3539 693 3595; x_wconf 89' lang='lat' dir='ltr'><strong>sitientem</strong></span> <span class='ocrx_word' id='word_1_262' title='bbox 715 3544 746 3596; x_wconf 92' lang='lat' dir='ltr'><strong>et</strong></span> <span class='ocrx_word' id='word_1_263' title='bbox 768 3539 878 3596; x_wconf 84' lang='lat' dir='ltr'><strong>fluenta</strong></span> <span class='ocrx_word' id='word_1_264' title='bbox 898 3558 986 3613; x_wconf 90' lang='lat' dir='ltr'><strong>super</strong></span> <span class='ocrx_word' id='word_1_265' title='bbox 1008 3539 1128 3596; x_wconf 88' lang='lat' dir='ltr'><strong>aridam.</strong></span> <span class='ocrx_word' id='word_1_266' title='bbox 1174 3537 1331 3595; x_wconf 85' lang='lat' dir='ltr'><strong>Effundam</strong></span> 
     </span>
     <span class='ocr_line' id='line_1_39' title="bbox 132 3619 1331 3697; baseline -0.002 -20"><span class='ocrx_word' id='word_1_267' title='bbox 132 3619 277 3697; x_wconf 89' lang='lat' dir='ltr'><strong>Spiritum</strong></span> <span class='ocrx_word' id='word_1_268' title='bbox 296 3639 395 3677; x_wconf 88' lang='lat' dir='ltr'><strong>meum</strong></span> <span class='ocrx_word' id='word_1_269' title='bbox 412 3639 499 3695; x_wconf 87' lang='lat' dir='ltr'><strong>super</strong></span> <span class='ocrx_word' id='word_1_270' title='bbox 517 3638 615 3676; x_wconf 89' lang='lat' dir='ltr'><strong>semen</strong></span> <span class='ocrx_word' id='word_1_271' title='bbox 635 3624 730 3689; x_wconf 88' lang='lat' dir='ltr'><strong>tuum,</strong></span> <span class='ocrx_word' id='word_1_272' title='bbox 746 3626 776 3677; x_wconf 88' lang='lat' dir='ltr'><strong>et</strong></span> <span class='ocrx_word' id='word_1_273' title='bbox 789 3620 1024 3678; x_wconf 86' lang='lat' dir='ltr'><strong>benedictionem</strong></span> <span class='ocrx_word' id='word_1_274' title='bbox 1037 3639 1132 3677; x_wconf 91' lang='lat' dir='ltr'><strong>meam</strong></span> <span class='ocrx_word' id='word_1_275' title='bbox 1150 3638 1239 3696; x_wconf 88' lang='lat' dir='ltr'><strong>super</strong></span> <span class='ocrx_word' id='word_1_276' title='bbox 1251 3635 1331 3696; x_wconf 76' lang='lat' dir='ltr'><strong>gene</strong></span> 
     </span>
     <span class='ocr_line' id='line_1_40' title="bbox 131 3700 947 3777; baseline 0.001 -20"><span class='ocrx_word' id='word_1_277' title='bbox 131 3702 276 3759; x_wconf 90' lang='lat' dir='ltr'><strong>rationem</strong></span> <span class='ocrx_word' id='word_1_278' title='bbox 290 3706 381 3774; x_wconf 89' lang='lat' dir='ltr'><strong>tuam,</strong></span> <span class='ocrx_word' id='word_1_279' title='bbox 398 3700 470 3757; x_wconf 85' lang='lat' dir='ltr'><strong>dicit</strong></span> <span class='ocrx_word' id='word_1_280' title='bbox 485 3700 631 3757; x_wconf 91' lang='lat' dir='ltr'><strong>Dominus</strong></span> <span class='ocrx_word' id='word_1_281' title='bbox 645 3701 837 3777; x_wconf 89' lang='lat' dir='ltr'><strong>omnipotens.</strong></span> <span class='ocrx_word' id='word_1_282' title='bbox 944 3769 947 3773; x_wconf 80' lang='lat'><strong>.</strong></span> 
     </span>
    </p>

    <p class='ocr_par' dir='ltr' id='par_1_23' title="bbox 191 3781 564 3857">
     <span class='ocr_line' id='line_1_41' title="bbox 191 3781 564 3857; baseline 0 -17"><span class='ocrx_word' id='word_1_283' title='bbox 191 3782 341 3857; x_wconf 91' lang='lat' dir='ltr'><strong>Alleluya.</strong></span> <span class='ocrx_word' id='word_1_284' title='bbox 390 3781 418 3840; x_wconf 87' lang='lat' dir='ltr'><strong>V.</strong></span> <span class='ocrx_word' id='word_1_285' title='bbox 442 3781 564 3840; x_wconf 90' lang='lat' dir='ltr'><strong>Emitte.</strong></span> 
     </span>
    </p>

    <p class='ocr_par' dir='ltr' id='par_1_24' title="bbox 193 3863 303 3921">
     <span class='ocr_line' id='line_1_42' title="bbox 193 3863 303 3921; baseline -0.009 0"><span class='ocrx_word' id='word_1_286' title='bbox 193 3863 303 3921; x_wconf 77' lang='lat' dir='ltr'><strong>Oratio.</strong></span> 
     </span>
    </p>

    <p class='ocr_par' dir='ltr' id='par_1_25' title="bbox 130 3942 1329 4182">
     <span class='ocr_line' id='line_1_43' title="bbox 191 3942 1329 4020; baseline -0.002 -20"><span class='ocrx_word' id='word_1_287' title='bbox 191 3943 251 4001; x_wconf 90' lang='lat' dir='ltr'><strong>Illo</strong></span> <span class='ocrx_word' id='word_1_288' title='bbox 268 3963 321 4000; x_wconf 88' lang='lat' dir='ltr'><strong>nos</strong></span> <span class='ocrx_word' id='word_1_289' title='bbox 341 3943 417 4019; x_wconf 85' lang='lat' dir='ltr'><strong>igne,</strong></span> <span class='ocrx_word' id='word_1_290' title='bbox 433 3962 608 4018; x_wconf 82' lang='lat' dir='ltr'><strong>quaesumus,</strong></span> <span class='ocrx_word' id='word_1_291' title='bbox 623 3942 760 4016; x_wconf 90' lang='lat' dir='ltr'><strong>Domine,</strong></span> <span class='ocrx_word' id='word_1_292' title='bbox 776 3943 905 4020; x_wconf 85' lang='lat' dir='ltr'><strong>Spiritus</strong></span> <span class='ocrx_word' id='word_1_293' title='bbox 919 3943 1043 4001; x_wconf 90' lang='lat' dir='ltr'><strong>Sanctus</strong></span> <span class='ocrx_word' id='word_1_294' title='bbox 1056 3942 1231 4014; x_wconf 86' lang='lat' dir='ltr'><strong>inflammet,</strong></span> <span class='ocrx_word' id='word_1_295' title='bbox 1246 3957 1329 4019; x_wconf 88' lang='lat' dir='ltr'><strong>quem</strong></span> 
     </span>
     <span class='ocr_line' id='line_1_44' title="bbox 130 4023 1328 4082; baseline -0.003 -1"><span class='ocrx_word' id='word_1_296' title='bbox 130 4023 277 4081; x_wconf 86' lang='lat' dir='ltr'><strong>Dominus</strong></span> <span class='ocrx_word' id='word_1_297' title='bbox 298 4031 399 4081; x_wconf 90' lang='lat' dir='ltr'><strong>noster</strong></span> <span class='ocrx_word' id='word_1_298' title='bbox 420 4024 441 4081; x_wconf 88' lang='lat' dir='ltr'><strong>J</strong></span> <span class='ocrx_word' id='word_1_299' title='bbox 443 4043 507 4081; x_wconf 88' lang='lat' dir='ltr'><strong>esus</strong></span> <span class='ocrx_word' id='word_1_300' title='bbox 531 4024 665 4082; x_wconf 73' lang='lat' dir='ltr'><strong>Christus</strong></span> <span class='ocrx_word' id='word_1_301' title='bbox 686 4024 768 4081; x_wconf 88' lang='lat' dir='ltr'><strong>misit</strong></span> <span class='ocrx_word' id='word_1_302' title='bbox 789 4025 956 4082; x_wconf 89' lang='lat' dir='ltr'><strong>interram</strong></span> <span class='ocrx_word' id='word_1_303' title='bbox 977 4030 1008 4082; x_wconf 90' lang='grc'><strong>11</strong></span> <span class='ocrx_word' id='word_1_304' title='bbox 1029 4023 1124 4082; x_wconf 87' lang='lat' dir='ltr'><strong>voluit</strong></span> <span class='ocrx_word' id='word_1_305' title='bbox 1144 4024 1328 4082; x_wconf 83' lang='lat' dir='ltr'><strong>vehementer</strong></span> 
     </span>
     <span class='ocr_line' id='line_1_45' title="bbox 130 4104 842 4182; baseline 0.001 -20"><span class='ocrx_word' id='word_1_306' title='bbox 130 4104 257 4163; x_wconf 86' lang='lat' dir='ltr'><strong>accendi.</strong></span> <span class='ocrx_word' id='word_1_307' title='bbox 302 4104 361 4172; x_wconf 80' lang='lat' dir='ltr'><strong>Qui</strong></span> <span class='ocrx_word' id='word_1_308' title='bbox 374 4110 479 4162; x_wconf 90' lang='lat' dir='ltr'><strong>tecum.</strong></span> <span class='ocrx_word' id='word_1_309' title='bbox 521 4105 560 4162; x_wconf 91' lang='lat' dir='ltr'><strong>In</strong></span> <span class='ocrx_word' id='word_1_310' title='bbox 574 4107 690 4162; x_wconf 87' lang='lat' dir='ltr'><strong>unitate</strong></span> <span class='ocrx_word' id='word_1_311' title='bbox 704 4105 842 4182; x_wconf 85' lang='lat' dir='ltr'><strong>ejusdem.</strong></span> 
     </span>
    </p>
   </div>
   <div class='ocr_carea' id='block_1_7' title="bbox 129 4200 1326 4443">
    <p class='ocr_par' dir='ltr' id='par_1_26' title="bbox 129 4200 1326 4443">
     <span class='ocr_line' id='line_1_46' title="bbox 191 4200 758 4280; baseline 0.007 -23"><span class='ocrx_word' id='word_1_312' title='bbox 191 4201 287 4258; x_wconf 79' lang='lat' dir='ltr'><strong>Lectio</strong></span> <span class='ocrx_word' id='word_1_313' title='bbox 301 4200 328 4256; x_wconf 89' lang='lat' dir='ltr'><strong><em>J</em></strong></span> <span class='ocrx_word' id='word_1_314' title='bbox 326 4201 393 4258; x_wconf 80' lang='lat' dir='ltr'><strong>oelis</strong></span> <span class='ocrx_word' id='word_1_315' title='bbox 406 4202 556 4277; x_wconf 81' lang='lat' dir='ltr'><strong>Proptetoe</strong></span> <span class='ocrx_word' id='word_1_316' title='bbox 572 4203 622 4280; x_wconf 80' lang='lat' dir='ltr'><strong>(ii.</strong></span> <span class='ocrx_word' id='word_1_317' title='bbox 636 4202 758 4278; x_wconf 79' lang='lat'><strong><em>23-27).</em></strong></span> 
     </span>
     <span class='ocr_line' id='line_1_47' title="bbox 191 4281 1326 4360; baseline 0 -23"><span class='ocrx_word' id='word_1_318' title='bbox 191 4281 266 4338; x_wconf 87' lang='lat' dir='ltr'><strong>Haec</strong></span> <span class='ocrx_word' id='word_1_319' title='bbox 279 4281 352 4338; x_wconf 86' lang='lat' dir='ltr'><strong>dicit</strong></span> <span class='ocrx_word' id='word_1_320' title='bbox 366 4282 512 4339; x_wconf 90' lang='lat' dir='ltr'><strong>Dominus</strong></span> <span class='ocrx_word' id='word_1_321' title='bbox 527 4284 608 4340; x_wconf 88' lang='lat' dir='ltr'><strong>Deus</strong></span> <span class='ocrx_word' id='word_1_322' title='bbox 614 4304 623 4356; x_wconf 88' lang='lat'>;</span> <span class='ocrx_word' id='word_1_323' title='bbox 643 4284 808 4356; x_wconf 83' lang='lat' dir='ltr'><strong>Exsultate,</strong></span> <span class='ocrx_word' id='word_1_324' title='bbox 824 4285 892 4343; x_wconf 86' lang='lat' dir='ltr'><strong>filiae</strong></span> <span class='ocrx_word' id='word_1_325' title='bbox 907 4284 979 4342; x_wconf 83' lang='lat' dir='ltr'><strong>Sion</strong></span> <span class='ocrx_word' id='word_1_326' title='bbox 992 4303 1081 4360; x_wconf 78' lang='lat' dir='ltr'><strong>usqae</strong></span> <span class='ocrx_word' id='word_1_327' title='bbox 1094 4284 1136 4342; x_wconf 86' lang='lat' dir='ltr'><strong>ed</strong></span> <span class='ocrx_word' id='word_1_328' title='bbox 1149 4288 1181 4342; x_wconf 91' lang='lat' dir='ltr'><strong>et</strong></span> <span class='ocrx_word' id='word_1_329' title='bbox 1194 4302 1256 4343; x_wconf 92' lang='lat' dir='ltr'><strong>non</strong></span> <span class='ocrx_word' id='word_1_330' title='bbox 1267 4296 1326 4341; x_wconf 87' lang='lat' dir='ltr'><strong>eon·</strong></span> 
     </span>
     <span class='ocr_line' id='line_1_48' title="bbox 129 4361 1216 4443; baseline 0.008 -27"><span class='ocrx_word' id='word_1_331' title='bbox 129 4361 272 4422; x_wconf 84' lang='lat' dir='ltr'><strong>fundetur</strong></span> <span class='ocrx_word' id='word_1_332' title='bbox 285 4362 410 4438; x_wconf 89' lang='lat' dir='ltr'><strong>populus</strong></span> <span class='ocrx_word' id='word_1_333' title='bbox 424 4383 506 4420; x_wconf 90' lang='lat' dir='ltr'><strong>meus</strong></span> <span class='ocrx_word' id='word_1_334' title='bbox 520 4364 552 4419; x_wconf 92' lang='lat' dir='ltr'><strong>in</strong></span> <span class='ocrx_word' id='word_1_335' title='bbox 565 4365 786 4440; x_wconf 91' lang='lat' dir='ltr'><strong>sempiternum,</strong></span> <span class='ocrx_word' id='word_1_336' title='bbox 803 4367 846 4424; x_wconf 91' lang='lat' dir='ltr'><strong>ait</strong></span> <span class='ocrx_word' id='word_1_337' title='bbox 860 4367 1007 4425; x_wconf 87' lang='lat' dir='ltr'><strong>Dominus</strong></span> <span class='ocrx_word' id='word_1_338' title='bbox 1021 4365 1216 4443; x_wconf 88' lang='lat' dir='ltr'><strong>omnipotens.</strong></span> 
     </span>
    </p>
   </div>
   <div class='ocr_carea' id='block_1_8' title="bbox 190 4452 1042 4599">
    <p class='ocr_par' dir='ltr' id='par_1_27' title="bbox 190 4452 1042 4599">
     <span class='ocr_line' id='line_1_49' title="bbox 190 4452 821 4541; baseline 0.008 -30"><span class='ocrx_word' id='word_1_339' title='bbox 190 4452 338 4532; x_wconf 89' lang='lat' dir='ltr'><strong>Alleluya</strong></span> <span class='ocrx_word' id='word_1_340' title='bbox 387 4453 417 4514; x_wconf 82' lang='lat' dir='ltr'><strong>V.</strong></span> <span class='ocrx_word' id='word_1_341' title='bbox 438 4454 528 4529; x_wconf 89' lang='lat' dir='ltr'><strong>Veni,</strong></span> <span class='ocrx_word' id='word_1_342' title='bbox 544 4455 651 4515; x_wconf 83' lang='lat' dir='ltr'><strong>Sancte</strong></span> <span class='ocrx_word' id='word_1_343' title='bbox 665 4457 802 4535; x_wconf 89' lang='lat' dir='ltr'><strong>Spiritus.</strong></span> <span class='ocrx_word' id='word_1_344' title='bbox 819 4537 821 4541; x_wconf 6' lang='grc' dir='ltr'><strong>ἲ</strong></span> 
     </span>
     <span class='ocr_line' id='line_1_50' title="bbox 1026 4552 1042 4599; baseline 0 0"><span class='ocrx_word' id='word_1_345' title='bbox 1026 4552 1042 4599; x_wconf 78' lang='grc' dir='ltr'>Ι</span> 
     </span>
    </p>
   </div>
   <div class='ocr_carea' id='block_1_9' title="bbox 0 0 1468 4996">
    <p class='ocr_par' dir='ltr' id='par_1_28' title="bbox 0 0 1468 4996">
     <span class='ocr_line' id='line_1_51' title="bbox 0 0 1468 4996; baseline 0 3"><span class='ocrx_word' id='word_1_346' title='bbox 0 0 1468 4996; x_wconf 95' lang='lat' dir='ltr'><strong> </strong></span> 
     </span>
    </p>
   </div>
  </div>
 </body>
</html>
