2926 4996
201 372 264 436 152
561 370 611 435 Iu
632 369 687 436 dia
708 376 821 436 coacto
835 369 1049 435 ’Pentecostea

260 536 408 614 Alleluya.
453 537 482 595 V.
519 536 709 595 Oonfitemini
736 537 866 595 Domino
894 535 1033 612 quoniam
1060 535 1173 594 bonus:
1204 535 1347 612 quoniam
1372 535 1403 595 in

202 618 342 677 saeculum
356 618 556 676 misericordia
570 620 594 694 ej
599 639 641 676 us.

263 711 421 786 Repetutur
434 711 572 785 Alleluya
586 721 654 786 post
673 711 791 769 Versum
806 709 843 791 [ct
857 731 877 768 a
891 709 985 768 Oboro
998 708 1137 784 finiatur.
1180 709 1298 768 Deinde
1310 730 1404 787 sequu-

201 799 252 850 111
268 791 397 864 Tractus,
413 801 439 850 et
453 802 584 850 cantetur
597 794 693 850 eodem
705 795 790 851 uvodo
804 801 838 850 ut
851 791 885 849 iu
905 791 1013 867 Viyiliu
1026 790 1254 848 Pascha-MS.
1272 788 1323 872 D].

264 884 292 941 T
388 931 394 943 .

262 894 396 1035 Liiiiiidise
411 965 583 1037 Dominum,
598 985 698 1023 omnes
711 971 834 1042 gentes:
855 971 886 1022 et
904 964 1067 1022 collaudate
1080 984 1156 1035 eum,
1172 972 1275 1022 omnes
1295 965 1402 1042 populi

208 1043 239 1105 V.
263 1045 410 1116 Quoniam
437 1049 610 1104 confirmata
637 1052 681 1104 est
708 1066 796 1122 super
822 1066 876 1103 nos
903 1045 1101 1103 misericordia
1128 1045 1210 1122 ejus:
1242 1050 1275 1103 ct
1297 1046 1403 1104 veritas

201 1124 326 1184 Domini
339 1134 440 1185 manet
453 1128 484 1184 in
499 1133 650 1190 aeternum.

260 1224 427 1283 Secundum
440 1225 466 1282 J
465 1226 606 1283 olrannum
622 1224 694 1302 (aiu.
713 1223 826 1300 15-21).

261 1305 301 1362 In
315 1305 366 1361 illo
379 1312 519 1382 tempore,
535 1306 625 1362 Dixit
638 1306 660 1363 J
662 1326 727 1363 esus
740 1305 892 1380 discipulis
906 1304 966 1361 suis
980 1325 986 1361 ε
1008 1304 1039 1361 Si
1053 1303 1178 1380 diligitis
1191 1323 1249 1375 me,
1265 1302 1402 1364 mandata

200 1405 266 1444 mea
279 1392 393 1444 servate
406 1407 495 1461 usqua
509 1388 549 1444 ud
563 1392 593 1443 et
606 1406 659 1463 ego
674 1387 794 1463 diligam
807 1406 883 1457 eum,
900 1393 930 1443 et
944 1385 1136 1442 manifestabo
1149 1385 1176 1441 ei
1191 1386 1345 1462 meipsum.

264 1478 455 1553 Offertora'um.

261 1559 375 1617 Emitte
400 1560 545 1636 Spiritum
565 1566 660 1631 tuum,
682 1565 713 1617 et
733 1560 918 1633 creabuntur,
945 1566 976 1617 et
995 1558 1150 1616 renovabis
1170 1557 1279 1617 faciem
1298 1565 1401 1618 terrae:

200 1639 241 1699 sit
253 1640 347 1717 gloria
360 1641 484 1698 Domini
496 1643 529 1698 in
543 1641 657 1713 saecula,
672 1640 807 1717 alleluya

261 1720 381 1780 Secreta.

261 1802 396 1873 Munera,
412 1822 587 1878 quaesumus,
604 1803 740 1875 Domine,
756 1802 854 1859 oblata
868 1801 1025 1873 sanctifica,
1040 1806 1070 1858 et
1083 1801 1171 1859 corda
1184 1807 1289 1859 nostra
1304 1801 1400 1860 Sancti

201 1881 331 1959 Spiritus
358 1884 555 1941 illustratione
579 1884 714 1942 emunda.
758 1884 816 1940 Per
836 1882 1000 1940 Dominum
1027 1887 1171 1941 nostrum.
1225 1882 1268 1940 In
1289 1883 1400 1941 unitate

201 1964 339 2040 ejusdem.

260 2044 331 2101 Noa
344 2045 461 2102 dicotur
474 2043 616 2120 Praefotio
637 2045 697 2102 uisi
717 2045 883 2102 communis.
929 2043 1021 2118 Infra
1042 2043 1188 2101 actionem.
1233 2042 1399 2102 Communi-

199 2131 298 2183 cantes
319 2132 350 2182 et
369 2125 447 2182 diem
467 2125 695 2182 sacratissimum
712 2125 898 2183 Pentecostes
917 2124 1138 2201 praevenientes,
1154 2124 1246 2182 Hanc
1265 2125 1361 2202 igitur
1377 2132 1400 2183 ct

198 2205 306 2283 Agnus
320 2206 379 2263 Dei
392 2215 417 2264 at
431 2207 497 2263 Pax
511 2206 633 2263 Domini
646 2207 787 2265 dicautur.

261 2286 439 2346 Commutatio.

258 2367 378 2426 Ultimo
398 2368 569 2424 festivitatis
594 2368 641 2425 die
659 2368 775 2425 dicebat
795 2368 817 2425 J
818 2387 891 2440 esus,
908 2366 968 2436 Qui
988 2366 1019 2423 in
1037 2386 1085 2423 me
1103 2365 1206 2439 credit,
1228 2367 1356 2425 flumina
1368 2366 1400 2424 de

197 2454 302 2506 ventre
316 2450 378 2525 ejus
398 2449 493 2506 fluent
512 2468 595 2525 aquae
609 2450 705 2521 vivae,
725 2448 780 2506 hoc
798 2454 898 2505 autem
912 2448 990 2504 dixit
1010 2448 1047 2504 de
1068 2447 1182 2524 Spiritu
1196 2467 1287 2524 quem
1307 2466 1399 2524 accep

197 2528 260 2586 turi
274 2535 358 2586 erant
372 2530 522 2587 credentes
536 2532 568 2586 in
582 2550 658 2602 eum,
673 2529 809 2605 alleluya,
825 2528 959 2603 alleluya.

257 2623 498 2681 Postcomuvuuiu
552 2622 653 2680 Sancti
689 2622 826 2699 Spiritus,
863 2622 1000 2694 Domine,
1034 2621 1122 2678 eorda
1148 2626 1252 2678 nostra
1278 2622 1399 2680 mundat

197 2702 314 2774 infusi0,
343 2708 373 2760 et
405 2704 451 2759 sui
481 2704 555 2760 roris
589 2704 696 2760 intima
731 2703 897 2780 aspersione
932 2702 1078 2760 fecundet.
1142 2700 1201 2760 Per
1236 2701 1397 2761 Dominum

197 2789 339 2841 nostrum.
382 2784 422 2840 In
435 2783 551 2841 unitate
565 2784 704 2860 ejusdcm.

559 2992 598 3049 In
619 3008 673 3048 mn
693 2990 812 3050 Saucro
833 2991 1051 3050 Pnurroosras.

260 3086 399 3162 Officium.

258 3169 387 3245 Spiritus
412 3168 535 3226 Domini
556 3169 681 3245 replevit
706 3170 805 3226 orbem
829 3174 983 3240 teramum,
1008 3167 1155 3244 alleluya:
1190 3173 1221 3224 et
1244 3167 1302 3226 hoe
1322 3168 1397 3245 quod

197 3249 329 3306 continet
344 3251 442 3308 omnia
456 3250 609 3307 scientiam
622 3250 713 3307 habet
726 3250 814 3322 vocis,
830 3249 966 3324 alleluya,
981 3249 1117 3324 alleluya.
1131 3247 1266 3324 alleluya

258 3331 403 3390 Paulinus.

257 3411 406 3488 Exsurget
429 3412 511 3469 Deus
532 3417 562 3469 et
583 3411 762 3488 dissipentur
781 3411 895 3468 inimici
915 3410 996 3487 ejus:
1017 3416 1048 3468 et
1069 3408 1186 3487 fugiant
1207 3409 1261 3487 qui
1274 3410 1399 3470 oderunt
1454 3446 1459 3450 -

138 3489 142 3495 ⁴
197 3510 264 3550 eum
278 3493 382 3550 afacie
397 3493 467 3568 ejus.

258 3573 366 3631 Oratio.

257 3654 348 3725 Deus,
364 3654 416 3729 qui
437 3654 578 3711 hodierna
599 3654 645 3711 dic
666 3654 754 3712 corda
773 3653 904 3710 fidelium
926 3652 1027 3710 Sancti
1052 3652 1179 3728 Spiritus
1201 3651 1399 3712 illustratione

197 3733 323 3792 docuisti
334 3755 343 3807 3
370 3736 408 3792 da
431 3736 516 3793 nobis
539 3737 571 3791 in
596 3736 698 3791 eodem
722 3735 836 3810 Spiritu
859 3740 939 3791 recta
963 3753 1063 3810 sapere
1086 3740 1118 3790 et
1141 3733 1178 3791 de
1201 3734 1265 3810 ejus
1286 3753 1399 3813 semper

196 3815 393 3873 consolatione
406 3817 540 3892 gaudere.
583 3815 643 3873 Per
656 3816 827 3873 Dominum.
870 3815 911 3871 In
924 3815 1039 3872 unitate
1052 3813 1191 3891 ejusdem.

257 3912 352 3970 lectio
366 3913 495 3971 Actutum
507 3912 711 3988 Apostolorum
725 3912 774 3988 (ii.
792 3911 889 3989 l-ll).

257 3993 297 4049 In
319 3994 422 4051 diebus
442 3995 510 4068 illis,
537 3995 619 4050 Dum
643 3994 861 4070 complerentur
884 3992 946 4049 dies
968 3992 1166 4065 Pentecostes,
1187 3996 1275 4050 erant
1298 4012 1399 4053 omnes

195 4073 332 4150 discipuli
344 4076 456 4150 pariter
470 4076 502 4131 in
516 4075 617 4132 eodem
630 4074 694 4132 loco
708 4095 797 4150 usquc
811 4075 851 4131 ad
871 4074 1038 4131 audivimus
1052 4092 1100 4130 eos
1120 4072 1276 4148 loquentes
1289 4075 1399 4134 nostris

195 4153 305 4231 linguis
318 4155 465 4231 magnalia
485 4156 550 4213 Dei.

254 4250 401 4327 Alleluya
465 4252 493 4311 V.
517 4253 630 4310 Emitte
652 4252 797 4330 Spiritum
816 4256 912 4324 tuum,
928 4256 959 4308 et
977 4251 1173 4309 creabuntur:
1197 4255 1229 4308 et
1241 4251 1399 4312 renovabis

195 4330 300 4390 faciem
312 4338 406 4392 terrae.

216 4468 219 4474 .
253 4412 402 4489 Alleluya
451 4413 480 4472 V.
524 4413 689 4472 Paraolitns
711 4413 839 4491 Spiritus
862 4413 996 4486 Sanctus,
1014 4431 1103 4490 quem
1124 4411 1227 4471 mittet
1249 4411 1345 4475 Pater
1362 4414 1397 4473 in

194 4494 313 4552 1111111111
325 4513 410 4553 meo:
431 4494 481 4553 ille
495 4513 548 4552 vos
561 4494 677 4552 docebit
690 4513 807 4554 omnem
820 4495 984 4552 veritatem.
