2926 4996
152 332 172 392 6
359 323 461 390 Feriu
476 324 537 389 IV.
556 323 722 405 Quattuor
738 323 940 406 Temperiem
954 323 1139 390 Adventus,

216 493 408 566 offertorium.

214 572 408 643 Benedixisti,
433 572 569 645 Domine,
592 577 702 629 terram
722 577 823 628 tuam:
853 570 988 629 avertisti
1010 571 1214 648 captivitatem
1236 574 1353 633 Jacob:

153 654 292 713 remisisti
305 653 495 729 iniquitatem
509 652 602 730 plebis
615 658 683 710 tuae.

213 733 332 793 Secreto.

213 815 387 873 Devotionis
401 821 507 873 nostrae
520 814 587 887 tibi,
598 813 734 885 Domine,
750 832 926 889 quaesumus,
941 813 1037 871 hostia
1046 814 1160 892 jugiter
1173 814 1353 885 immoletur,

153 916 217 973 qnae
232 903 261 954 et
275 898 349 954 sacri
364 902 484 972 peragat
497 895 637 952 instituta
650 895 791 970 mysterii,
802 902 832 951 et
842 894 971 952 salutare
980 901 1066 952 tuum
1080 896 1165 954 nobis
1178 897 1357 955 mirabiliter

154 983 297 1054 operetur.
342 978 401 1035 Per
414 977 586 1034 Dominum.

216 1057 393 1118 Comneuue’o.
441 1057 539 1114 Dicite
550 1076 559 1129 3
588 1055 795 1113 Pusillanimes
822 1055 1038 1126 confortamini,
1068 1062 1098 1112 et
1125 1057 1217 1116 nolite
1240 1058 1354 1116 timere.

155 1139 229 1197 Ecce
250 1140 331 1196 Deus
351 1144 451 1196 noster
471 1138 578 1209 veniet,
601 1143 631 1194 et
651 1137 778 1194 salvabit
797 1155 858 1194 nos.

214 1219 453 1277 Postcoueueuuio.
509 1217 715 1294 ImploramuS,
740 1216 877 1289 Domine,
903 1216 1090 1274 clementiam
1117 1224 1207 1291 tuem,
1233 1226 1269 1277 ut
1293 1220 1366 1295 haee

154 1301 254 1357 divina
272 1300 421 1375 judicias
441 1298 525 1356 vitiis
546 1299 678 1375 expiatos
699 1298 736 1355 ad
756 1298 831 1355 festa
850 1304 976 1355 ventura
996 1317 1050 1355 nos
1073 1306 1245 1376 praeparent.
1298 1301 1357 1358 Per

155 1381 317 1438 Dominum
331 1385 473 1438 nostrum.

366 1594 368 1599 Α
397 1518 496 1576 Funis
517 1534 664 1590 sscunnn,
679 1527 713 1575 ue
727 1519 760 1575 iu
774 1519 939 1589 Domiuiee,
953 1517 1111 1593 ferialiter.

435 1651 535 1707 Funis
555 1666 676 1717 ovenrn
698 1651 868 1719 Qunrrnoa
889 1651 1070 1710 Taurorum.

214 1761 295 1820 Note
322 1762 400 1836 quod
422 1762 476 1819 lece
499 1771 606 1836 qveurtu
627 1761 715 1819 Ferte
739 1771 817 1819 seete
841 1773 866 1819 et
893 1761 1016 1821 ,sutoro
1043 1763 1196 1821 Dieronus
1228 1773 1254 1821 et
1286 1765 1358 1824 Sub-

153 1843 293 1901 diueoreus
306 1843 366 1899 siut
381 1852 495 1900 tuntum
509 1841 591 1900 Attis
600 1843 708 1900 eructuet.

215 1923 263 1980 lu
276 1924 407 1980 Missum.
449 1923 589 1997 Officium.

214 2005 333 2075 Rorate,
354 2004 427 2075 caeli,
448 2004 573 2087 desuper
583 2023 592 2075 ;
615 2010 646 2062 et
666 2005 759 2062 nubes
778 2004 884 2081 pluant
901 2006 1016 2081 j'nstum
1027 2026 1036 2078 ;
1057 2006 1206 2083 aperiatur
1227 2013 1308 2064 terra
1328 2014 1359 2064 et

153 2085 299 2161 germinet
314 2085 503 2142 salvatorem.

214 2166 359 2223 Paeleeus.

214 2248 255 2304 Et
264 2247 384 2323 justitia
397 2247 511 2304 oriatur
524 2246 630 2304 simul:
652 2267 705 2324 ego
720 2247 867 2304 Dominus
881 2249 978 2304 creavi
992 2267 1066 2305 eum.

214 2328 282 2385 Nem
295 2329 405 2386 dicitur
419 2328 565 2385 Dominus
579 2328 739 2399 vobiscum,
755 2330 804 2386 aed
818 2338 934 2386 tuntum
949 2328 1081 2386 Oremns

215 2410 324 2468 Oratio,

214 2490 334 2560 Praesta,
357 2509 531 2565 quaesumus,
555 2490 741 2566 omnipotens
762 2490 854 2561 Deus,
875 2496 910 2547 ut
930 2490 1140 2565 redemptionis
1160 2498 1269 2549 nostrae
1291 2513 1360 2550 ven-

79 2585 81 2591 ·
154 2578 222 2628 tura
246 2570 425 2627 sollemnitas
450 2576 480 2626 et
502 2571 655 2644 praesentis
676 2571 761 2626 nobis
783 2571 852 2626 vitae
875 2571 1005 2628 subsidia
1028 2572 1167 2644 conferat,
1190 2579 1221 2630 et
1241 2579 1358 2630 aeternae

154 2650 346 2708 beatitudinis
360 2651 481 2726 praemia
495 2651 645 2726 largiatur.
690 2651 748 2707 Per
762 2651 933 2708 Dominum.

214 2730 309 2788 Lectio
323 2731 421 2787 Esue'ee
435 2730 584 2806 Propleetae
597 2731 646 2807 (ii.
663 2731 730 2808 2-5)

216 2812 254 2868 In
279 2812 381 2868 diebus
404 2812 473 2882 illis,
498 2811 587 2869 Dixit
610 2812 712 2868 Esaias
735 2812 900 2888 propheta:
927 2813 995 2869 Erit
1015 2814 1047 2869 in
1067 2814 1235 2872 novissimis
1256 2816 1359 2873 diebus

160 2913 246 2968 usque
261 2895 300 2949 ud
317 2893 500 2949 ambulemus
513 2892 546 2948 in
560 2892 672 2950 lumine
691 2893 814 2950 Domini
828 2893 887 2950 Dei
901 2896 1001 2950 nostri.

219 2973 352 3031 Gaudete.

216 3054 323 3111 Tollite
344 3060 453 3130 portua,
475 3053 631 3131 principes,
649 3061 762 3112 vestras
772 3075 780 3126 3
801 3062 831 3113 et
852 3055 1009 3112 elevamini
1029 3063 1122 3132 portae
1143 3058 1305 3132 aeternales,
1327 3064 1358 3116 et

158 3135 295 3192 introibit
309 3155 363 3192 rex
376 3135 485 3211 gloriae.

224 3215 331 3274 Versus.
377 3216 449 3284 Quis
462 3217 599 3274 ascendet
619 3216 652 3273 in
665 3223 797 3274 montem
811 3218 954 3275 Domini:
974 3224 1028 3274 aut
1048 3219 1113 3294 quis
1132 3219 1224 3277 stabit
1244 3220 1278 3276 in
1295 3221 1356 3277 loco

159 3304 259 3355 sancto
273 3298 336 3373 ejus
350 3319 356 3355 :
377 3297 517 3354 innocens
530 3298 666 3354 manibus
680 3305 711 3355 et
724 3299 835 3355 mundo
850 3300 943 3356 corde.

220 3390 345 3450 (ar-adae
360 3400 428 3466 post
448 3389 566 3448 Versum
578 3411 639 3448 uon
651 3401 804 3466 repetetun

220 3473 366 3529 Dominus
379 3471 537 3529 vobiscum.
582 3472 622 3527 Et
637 3490 703 3528 cum
718 3473 824 3547 spiritu
838 3479 898 3529 tuo.
942 3473 1074 3530 Oremus.

223 3554 331 3612 Oratio.

222 3634 349 3702 Festina,
377 3653 552 3710 quaesumus,
585 3633 721 3705 Domine,
749 3653 787 3691 ne
814 3634 976 3692 tardaveris
988 3656 996 3706 3
1030 3641 1060 3693 et
1093 3635 1240 3692 arixilium
1274 3637 1358 3694 nobis

163 3735 294 3791 supernae
308 3716 430 3772 virtutis
442 3713 580 3791 impende
595 3734 601 3771 :
624 3720 660 3771 ut
673 3714 818 3772 adventus
831 3716 877 3772 tui
892 3716 1140 3774 consolationibus
1157 3717 1358 3788 subleventur,

163 3797 215 3872 qui
235 3796 268 3851 in
288 3802 340 3852 tua
360 3796 470 3870 pietate
490 3794 650 3853 confidunt.
694 3796 754 3864 Qui
773 3796 850 3852 vivis
871 3802 901 3853 et
921 3816 1025 3874 regnas
1045 3817 1113 3854 cum
1133 3797 1198 3855 De‘o
1219 3796 1309 3854 Patre
1328 3799 1360 3853 in

163 3877 279 3933 unitate
294 3876 421 3952 Spiritus
436 3877 537 3934 Sancti
551 3875 642 3933 Dens.
686 3876 744 3933 Per
758 3877 857 3934 omnia
870 3877 975 3934 saecula
988 3878 1167 3935 saeculorum.
1210 3880 1318 3936 Amen.

224 3967 261 4024 M
260 3969 368 4026 euteria
381 3970 415 4026 de
429 3970 510 4026 beuta
523 3970 627 4026 Murio
640 3978 666 4026 et
679 3971 713 4026 de
727 3971 859 4027 oneue'lvus
872 3969 994 4029 Suuete's.

225 4050 321 4107 Lectio
335 4048 433 4106 Esuiae
446 4049 595 4125 Propleetee
609 4050 675 4127 (eit.
693 4051 806 4128 10-15).

227 4131 266 4186 In
286 4130 388 4186 diebus
408 4129 476 4201 illis,
492 4131 622 4188 Locutus
643 4138 688 4189 est
708 4132 854 4188 Dominus
874 4132 912 4188 ad
931 4132 1039 4204 Achaz,
1062 4133 1179 4190 dicens:
1211 4132 1285 4190 Pete
1305 4132 1361 4190 tibi

165 4212 282 4287 signum
295 4211 385 4285 usque
399 4211 439 4266 uel
452 4216 488 4266 ut
500 4212 573 4268 sciat
586 4213 742 4288 reprobare
756 4213 875 4284 malum,
892 4218 922 4269 et
936 4213 1043 4289 eligere
1056 4215 1174 4271 bonum.

228 4291 361 4349 Gaudete.

226 4372 323 4447 Prope
344 4378 389 4428 est
413 4371 560 4429 Dominus
582 4373 719 4431 omnibus
742 4373 951 4432 invocantibus
975 4395 1062 4433 eum:
1086 4375 1223 4434 omnibns
1246 4374 1298 4452 qni
1320 4373 1365 4432 in·

166 4459 273 4510 vocant
286 4472 353 4510 eum
367 4453 400 4509 in
413 4452 546 4511 veritate.
