2926 4996
133 367 154 428 4
507 361 690 427 Domirn'cu
708 362 757 427 II.
774 363 958 430 Adventus.

191 531 237 587 Hi
249 530 308 587 duo
328 528 430 588 Versus
445 528 578 586 Laetatus
591 539 617 587 ct
631 529 750 587 Stantes
770 530 909 588 dicautur
928 531 1095 590 clamita
1109 552 1165 609 per
1184 532 1328 591 monia

132 611 209 682 cium,
232 610 350 686 quurtdo
373 611 408 668 de
430 610 520 667 Feric
543 611 650 684 cyitur,
673 611 717 666 ita
739 612 818 685 quod
841 612 876 668 ia
896 611 1053 670 Dominicc
1076 612 1195 671 ductat·
1211 615 1326 690 primus

139 691 248 762 Versus,
264 699 291 748 ct
298 691 433 766 proximo
447 691 502 762 die,
517 691 636 766 quaudo
645 691 750 765 ,suitur
763 692 797 749 de
811 691 907 763 Faria,
923 693 1065 750 secamus
1085 693 1194 751 Versus.

193 769 369 846 Sequentia..

253 853 438 930 Regnantem
452 851 629 928 sempiterna

253 934 312 991 Per
324 932 430 990 saecula
442 937 611 1008 susceptura

254 1014 364 1072 Concio
378 1013 483 1071 devote
496 1031 645 1088 concrepa,

253 1093 382 1152 Auctori
394 1093 542 1150 reddendo
555 1093 672 1150 debita:

255 1177 348 1245 Quem
358 1173 490 1250 jubilant
503 1173 621 1250 agmina
634 1173 740 1244 caelica,
754 1175 818 1250 ejus
831 1174 918 1232 vultu
932 1175 1115 1234 exhilarata:

253 1256 347 1325 Quem
363 1261 520 1332 expectant
535 1255 633 1311 omnia
646 1261 751 1326 terrea,
767 1255 831 1330 ejus
844 1261 922 1314 nutu
936 1256 1141 1327 examinanda,

253 1336 431 1394 Districtum
443 1335 482 1392 ad
490 1334 612 1411 judicia,

254 1417 435 1475 Clementem
448 1415 481 1472 in
494 1416 634 1491 potentia

253 1499 318 1554 Tua
330 1516 383 1554 nos
396 1495 485 1568 salva,
502 1496 627 1569 Christe,
642 1496 805 1568 clementia,
820 1504 939 1574 propter
952 1517 1025 1574 quos
1038 1517 1140 1574 passus
1153 1519 1184 1557 es
1198 1499 1268 1558 dira.

252 1578 304 1636 Ad
316 1578 377 1655 poli
390 1583 469 1634 astra
482 1577 603 1634 subleva
615 1577 719 1648 nitida,
736 1580 788 1652 qui
802 1578 886 1636 sorde
899 1579 989 1656 tergis
1003 1578 1113 1637 saecula

253 1659 367 1716 Influat
380 1656 458 1714 salus
471 1677 559 1729 vera3
580 1657 674 1733 effuge
687 1658 822 1733 pericula.

254 1739 363 1797 Omnia
375 1744 410 1796 ut
424 1738 485 1795 sint
499 1737 618 1810 munda,
633 1738 732 1795 tribue
745 1740 865 1815 pacifica
876 1760 884 1810 3

254 1820 302 1878 Ut
315 1821 362 1877 hic
376 1826 429 1876 tua
441 1818 515 1875 salvi
529 1818 725 1876 misericordia

254 1901 331 1958 Laeti
343 1918 434 1977 regna
447 1905 513 1975 post
527 1899 665 1956 adeamus
679 1918 793 1975 supera,

253 1982 320 2052 Quo
333 2000 436 2058 regnas
449 1979 555 2037 saecula
567 1998 619 2055 per
632 1979 757 2037 infinita.

192 2062 392 2137 Ecumpeiium.
435 2059 604 2118 Secundum
617 2059 736 2118 Lucum.
752 2061 827 2138 (axi.
853 2061 966 2139 25-33)

192 2145 232 2201 In
258 2144 310 2200 illo
334 2148 473 2218 tempore,
496 2141 585 2198 Dixit
605 2140 627 2198 J
629 2161 694 2198 esus
719 2141 869 2218 discipulis
890 2144 959 2215 suis,
985 2143 1086 2201 Erunt
1107 2145 1192 2222 signa
1216 2145 1250 2201 in
1273 2146 1330 2204 sole

131 2247 222 2302 risque
235 2226 276 2282 ud
289 2224 380 2281 verba
393 2229 493 2280 autem
507 2241 572 2279 mea
585 2241 645 2280 non
658 2223 812 2280 transient.
1314 2278 1316 2283 ,

194 2305 385 2381 Offlrtmium.

192 2388 283 2458 Deus,
299 2391 334 2442 tu
354 2389 527 2442 convertens
547 2383 710 2440 vivificabis
730 2403 801 2441 nos:
821 2390 852 2441 et
875 2384 958 2461 plebs
982 2391 1035 2443 tua
1056 2385 1208 2444 laetabitur
1229 2390 1262 2445 in
1284 2395 1330 2446 te:

130 2468 252 2528 ostende
264 2465 359 2537 nobis,
374 2465 510 2536 Domine,
527 2464 754 2521 misericordiam
768 2470 861 2538 tuam,
876 2472 907 2522 et
920 2465 1048 2524 salutare
1061 2473 1149 2524 tuum
1162 2469 1201 2527 da
1214 2469 1304 2527 nobis.

192 2547 311 2606 Secreta.

192 2628 321 2697 Placare,
337 2644 509 2701 quaesumus,
526 2624 662 2695 Domine,
677 2625 855 2683 humilitatis
876 2633 983 2685 nostrie
1003 2628 1139 2705 precibus
1159 2635 1190 2687 et
1208 2629 1331 2702 hostiis3

132 2717 163 2769 ct
177 2710 229 2766 ubi
241 2707 324 2765 nulla
338 2710 500 2781 suppetunt
513 2705 633 2781 praemia
651 2705 831 2779 meritorum,
847 2707 907 2764 tuis
925 2709 1010 2766 nobis
1030 2729 1166 2767 succurre
1179 2711 1330 2786 praesidiis.

133 2792 192 2849 Per
205 2788 376 2846 Dominum

194 2868 371 2930 Coruncanio.

192 2948 388 3019 Hierusalem,
405 2965 490 3023 surge
505 2952 535 3004 et
549 2952 596 3003 sta
608 2947 641 3002 in
655 2947 777 3020 excelso,
792 2955 823 3005 et
835 2949 903 3007 vide
920 2950 1136 3026 jucunditatem
1153 2972 1219 3029 quae
1233 2953 1332 3011 veniet

133 3033 190 3090 tibi
203 3052 221 3088 a
235 3032 300 3088 Deo
314 3035 373 3086 tuo.

192 3109 432 3169 Postcomruuaio.

193 3192 312 3269 Repleti
333 3190 397 3248 cibo
413 3189 574 3265 spiritualis
596 3189 752 3262 alimoniae,
767 3190 911 3266 supplices
924 3197 963 3264 te,
978 3193 1115 3266 Domine,
1131 3195 1328 3270 deprecamur,

132 3283 167 3334 ut
180 3275 269 3350 hujus
282 3271 506 3349 participatione
526 3271 660 3345 mysterii
680 3271 782 3328 doceas
802 3291 855 3328 nos
875 3277 992 3330 terrena
1013 3274 1168 3351 despicere,
1183 3282 1215 3333 et
1232 3295 1330 3334 amare

133 3355 265 3415 caelestia
309 3353 368 3409 Per
381 3351 551 3409 Dominum.

602 3482 703 3540 Fusii
717 3481 854 3551 Quaeri

193 3600 288 3659 Lectio
301 3596 399 3655 Esuirc
412 3592 563 3670 Propheta
576 3594 623 3671 (ii.
643 3594 714 3671 1-6)

193 3681 268 3738 Haec
284 3678 355 3736 dicit
369 3675 534 3734 Dominus:
554 3675 668 3731 Audite
688 3694 736 3732 me
755 3695 846 3750 usqae
865 3678 905 3733 cd
921 3677 1041 3754 justitia
1053 3697 1119 3736 mea
1131 3698 1193 3736 non
1207 3679 1328 3750 deficiet,

133 3763 175 3819 ait
189 3760 335 3819 Dominus
348 3757 540 3832 omnipotens.

191 3841 357 3899 Secundum
371 3835 544 3894 Mattianum
557 3835 612 3912 (cci.
632 3835 744 3914 11-15).

192 3923 232 3979 In
254 3920 306 3976 illo
329 3925 468 3993 tempore,
491 3917 580 3973 Dixit
599 3915 687 3973 Jesus
710 3917 807 3976 turbis
828 3924 858 3976 et
878 3918 1028 3996 discipulis
1048 3921 1127 3979 suis:
1142 3921 1250 3985 Amen
1264 3923 1328 3981 dico

131 4004 221 4073 vobis,
236 4000 307 4058 Non
320 3998 449 4055 surrexit
463 3998 659 4074 majoresque
673 3999 713 4054 ad
733 3998 794 4067 Qui
811 3999 901 4057 habet
914 4019 1000 4059 aures
1013 4001 1161 4074 audiendi,
1175 4003 1284 4062 audiat.

621 4128 721 4186 Fusus
734 4129 843 4190 Sexus.

189 4247 284 4306 Lectio
296 4244 394 4302 Esaia
407 4242 555 4318 Propheta
568 4244 670 4321 (xiiii,
684 4246 744 4317 alt,
760 4256 786 4304 ct
799 4247 881 4324 cclii.)

189 4330 264 4387 Haec
287 4326 359 4383 dicit
380 4324 526 4380 Dominus
547 4325 637 4398 Deus,
661 4326 843 4403 Redemptor
863 4333 969 4402 vester,
990 4329 1117 4388 Sanctus
1136 4330 1232 4388 Israel
1242 4350 1251 4403 ς
1271 4330 1330 4388 Do

128 4411 225 4469 minus
245 4407 429 4466 exercituum
448 4423 555 4462 nomen
575 4406 656 4482 ejus:
678 4406 797 4465 Primus
817 4408 855 4465 ad
875 4408 948 4466 Sion
967 4410 1059 4469 dicit:
1081 4410 1157 4469 Ecce
1176 4430 1284 4484 assum,
1299 4418 1329 4469 et

128 4489 316 4551 Hierusalem
343 4484 552 4563 evangelistam
572 4486 656 4544 dabo.
710 4487 786 4546 Ecce
813 4508 914 4548 servus
941 4509 1032 4564 meus,
1055 4490 1210 4571 suscipiam
1240 4511 1327 4551 eum:
