2926 4996
214 369 254 429 58
397 364 537 432 Sobbuto
555 365 720 447 Quattuor
733 366 936 451 Temperans
953 359 1238 449 Quoda'opesc‘ntess

276 532 392 590 (trudet
404 579 410 591 .

274 613 426 691 Propitius
448 619 519 686 esto,
535 615 672 686 Domine,
692 614 819 691 peccatis
839 613 968 672 nostris:
998 613 1155 690 nequando
1176 613 1279 670 dicant
1299 617 1414 688 gentes:

214 694 279 752 Ubi
293 701 337 751 est
352 696 434 752 Deus
448 697 571 753 eoruml
1450 696 1453 701 ’

220 775 248 833 V.
274 776 397 851 Adjuva
410 795 473 849 nos,
488 776 571 833 Deus
590 775 728 834 salutaris
748 781 866 834 noster:
887 782 918 834 et
930 781 1051 853 propter
1063 775 1207 833 honorem
1221 773 1353 832 nominis
1365 771 1413 843 tui,

214 857 352 929 Domine,
368 857 462 914 libera
475 876 535 915 nos
1282 858 1285 863 ’

276 953 387 1013 Oratio

274 1034 429 1092 Protector
445 1039 545 1093 noster
560 1036 666 1112 aspice,
680 1036 783 1108 Deus,
805 1041 841 1093 ut
861 1035 914 1111 qui
933 1034 1079 1091 malorum
1098 1037 1271 1090 nostrorum
1290 1031 1411 1109 pondere

213 1116 384 1191 premimur,
410 1122 548 1192 percepta
571 1117 777 1190 misericordia,
807 1117 900 1173 libera
927 1116 984 1173 tibi
1010 1119 1110 1172 mente
1133 1113 1322 1172 famulemur.
1364 1112 1413 1170 Per

216 1197 387 1254 Dominum.

275 1277 370 1334 Lectio
385 1277 453 1334 titre·
466 1278 701 1336 ulfeclaeboeorune
721 1277 757 1355 (2
773 1278 791 1335 i.
808 1279 866 1349 2-5,
883 1277 947 1355 23)

275 1358 315 1415 In
336 1357 439 1415 diebus
459 1359 527 1431 illis,
543 1360 715 1417 Orationem
736 1360 884 1416 faciebant
904 1357 1067 1415 sacerdotes
1087 1356 1159 1413 dum
1179 1355 1324 1414 offerrent
1338 1353 1414 1412 sacri-

214 1439 315 1496 ficium
324 1459 378 1515 pro
387 1440 496 1516 populo
507 1441 609 1512 Israel,
620 1442 642 1498 J
644 1441 754 1497 onatha
764 1441 931 1511 inchoante,
940 1439 1045 1496 ceteris
1059 1443 1160 1495 autem
1174 1437 1413 1513 respondentibus

214 1529 244 1577 ct
259 1519 445 1579 dicentibus:
468 1521 637 1578 Bencfaciat
652 1523 735 1579 vobis
750 1522 839 1592 Deus,
856 1526 887 1578 et
906 1519 1075 1576 meminerit
1094 1518 1269 1576 testamenti
1282 1518 1332 1575 sui
1344 1516 1414 1592 quod

214 1601 252 1658 ad
275 1601 439 1673 Abraham,
462 1601 553 1675 Isaac,
580 1610 610 1659 et
630 1603 724 1660 Jacob
747 1603 864 1660 locutus
888 1607 933 1658 est
957 1619 1109 1658 servorum
1133 1618 1256 1656 suorum
1278 1598 1411 1656 fidelium.

216 1682 257 1738 Et
284 1682 335 1740 det
362 1683 447 1740 vobis
474 1702 524 1740 cor
551 1683 695 1754 omnibus,
723 1688 759 1740 ut
785 1682 888 1739 colatis
913 1701 990 1753 cum,
1019 1687 1049 1738 et
1075 1680 1190 1737 faciatis
1225 1680 1291 1756 ejus
1322 1678 1414 1753 volun·

150 1777 154 1786 ·
215 1769 315 1821 tatem.
370 1763 536 1840 Adaperiat
556 1764 704 1821 Dominus
725 1784 774 1821 cor
793 1769 924 1820 vestrum
946 1763 979 1819 in
999 1761 1063 1837 lege
1084 1781 1137 1818 sua
1158 1768 1189 1818 et
1208 1760 1243 1817 in
1267 1759 1414 1838 praeceptis

215 1844 283 1916 suis,
308 1850 338 1902 et
360 1843 449 1902 faciat
468 1865 577 1921 pacem.
629 1845 781 1902 Exaudiet
800 1845 947 1902 Dominus
969 1843 1116 1900 orationes
1139 1847 1254 1898 vestras
1276 1846 1309 1899 et
1327 1859 1416 1898 recon-

214 1924 332 1982 cilietur
345 1926 437 1999 vobis,
453 1945 572 1983 necros
586 1926 700 1983 deserat
714 1926 746 1982 in
760 1931 892 2002 tempore
905 1924 983 1982 malo
1000 1923 1148 1981 Dominus
1162 1923 1247 1979 Deus
1260 1927 1369 1980 noster.

281 2006 415 2064 Gaudet.
494 2013 496 2018 ’

276 2088 432 2164 Dirigatur
446 2088 539 2145 oratio
553 2108 618 2144 mea
632 2088 709 2145 sicut
722 2087 875 2144 incensum
888 2087 921 2143 in
935 2090 1092 2161 conspectu
1105 2089 1169 2156 tuo,
1184 2084 1325 2144 Domine.

222 2168 249 2225 V.
277 2167 413 2226 Elevatio
427 2189 569 2226 manuum
583 2189 713 2226 mearum
729 2169 904 2226 sacrificium
917 2166 1127 2243 vespertinum.

279 2265 387 2324 Oratio

275 2348 398 2420 Adesto,
428 2348 563 2420 Domine,
592 2368 768 2424 quaesumus,
796 2347 1061 2424 supplicationibus
1087 2344 1216 2415 nostris;
1245 2349 1282 2401 ut
1308 2362 1369 2402 esse
1388 2348 1414 2399 te

215 2428 357 2504 largiente
378 2449 544 2486 mereamur
563 2436 593 2487 et
615 2430 696 2487 inter
717 2448 855 2505 prospera
875 2428 1002 2485 humiles
1022 2434 1052 2486 et
1074 2427 1153 2483 inter
1173 2424 1299 2483 adversa
1321 2423 1414 2482 securi

217 2508 276 2565 Per
291 2509 462 2567 Dominum.

276 2590 371 2646 Lectio
386 2590 454 2647 tibet
467 2590 625 2666 Sapientia
645 2591 774 2669 (Euclea.
789 2591 884 2649 maevi.
902 2589 996 2667 l-lO).

277 2669 418 2727 Miserere
432 2673 535 2744 nostri,
551 2673 632 2729 Deus
646 2673 787 2742 omnium,
804 2678 834 2729 et
848 2671 959 2748 respice
979 2689 1033 2727 nos
1053 2690 1144 2745 esque
1165 2669 1206 2726 uel
1226 2673 1262 2725 ut
1283 2670 1415 2726 enarrent

217 2749 354 2808 universa
367 2752 515 2808 mirabilia
528 2758 590 2824 tua,
606 2754 733 2810 Domine
748 2753 830 2810 Deus
843 2758 950 2812 noster.

280 2830 414 2888 Gredule.

278 2911 400 2969 Salvum
414 2912 458 2970 fac
472 2915 615 2990 populum
627 2920 725 2984 tuum,
739 2913 883 2972 Domine:
906 2920 937 2972 et
948 2912 1071 2972 benedic
1084 2910 1253 2970 haereditati
1266 2917 1337 2968 tuae.

222 2993 250 3050 V.
277 2993 329 3049 Ad
342 2999 380 3065 te,
396 2995 533 3065 Domine,
550 2995 681 3052 clamabo
695 2997 777 3053 Deus
798 3015 889 3068 meus,
904 3015 942 3052 ne
961 2995 1046 3052 sileas
1063 3014 1082 3052 a
1102 3013 1171 3051 me:
1195 3000 1227 3050 et
1248 3011 1300 3050 ero
1321 2989 1420 3048 similis

218 3074 461 3132 descendentibus
474 3075 507 3133 in
520 3077 626 3135 lacum.

278 3172 387 3311 iiiiii
396 3255 499 3331 populi
511 3256 566 3326 tui,
581 3275 756 3331 quaesumus,
768 3255 897 3313 Domine
911 3255 1070 3312 clementer
1083 3252 1209 3310 exaudi:
1232 3257 1268 3309 ut
1283 3250 1338 3328 qui
1346 3251 1420 3327 juste

216 3355 269 3411 pro
296 3337 422 3411 peccatis
447 3338 557 3394 nostris
583 3337 749 3413 affligimur,
772 3357 827 3412 pro
850 3337 897 3393 tui
921 3335 1049 3393 nominis
1075 3334 1169 3411 gloria
1194 3331 1421 3390 misericorditer

217 3417 383 3474 liberemur.
428 3417 486 3474 Per
500 3419 670 3475 Dominum.

277 3517 372 3574 Lectio
381 3517 516 3574 Danielis
524 3517 674 3592 Prophetae
683 3516 700 3594 (
700 3517 744 3573 itt.
752 3514 956 3586 senate-88.
974 3508 1419 3587 Centieernniempucrorum).

276 3615 411 3692 Angelus
425 3615 549 3672 Domini
569 3614 719 3672 descendit
741 3634 808 3671 cum
822 3613 931 3670 Azaria
949 3619 980 3671 et
996 3612 1081 3670 sociis
1095 3612 1158 3687 ejus
1172 3611 1205 3667 in
1219 3609 1378 3680 fornacem,
1394 3611 1421 3664 et

216 3697 346 3754 excussit
359 3696 507 3752 flammam
521 3695 598 3772 ignis
612 3696 648 3752 de
661 3695 787 3766 fornace,
800 3701 830 3752 et
843 3695 914 3753 fecit
925 3694 1055 3750 medium
1065 3691 1192 3749 fornacis
1206 3691 1294 3766 quasi
1301 3695 1422 3749 uentum

216 3778 290 3834 roris
305 3777 433 3834 flantem.
472 3776 607 3833 Flamma
620 3782 720 3834 autem
735 3776 843 3833 diffusa
857 3781 901 3832 est
915 3794 1003 3851 super
1015 3774 1163 3833 fornacem
1178 3770 1290 3829 cubitis
1304 3771 1423 3848 quadra·

216 3859 300 3934 ginta
328 3877 451 3915 novem:
484 3863 515 3914 et
543 3857 674 3915 incendit
703 3877 776 3932 quos
803 3857 914 3933 reperit
932 3857 1024 3932 juxta
1044 3855 1193 3911 fornacem
1218 3853 1255 3910 dc
1280 3851 1424 3910 Ohaldaeis

216 3939 367 3995 ministros
387 3940 464 4014 regis
485 3937 537 4014 qui
558 3958 622 3995 eam
636 3937 855 3995 incendebant:
886 3943 917 3994 et
930 3957 991 3995 non
1005 3936 1105 4012 tetigit
1125 3954 1174 3992 eos
1194 3934 1319 3990 omnino
1338 3931 1422 4009 ignis,

216 4039 310 4094 neque
332 4021 528 4091 contristavit,
549 4039 604 4077 nec
625 4020 782 4094 quicquam
803 4019 944 4076 molestiae
965 4017 1076 4074 intulit.
1121 4015 1205 4073 Tunc
1218 4014 1252 4071 hi
1265 4019 1329 4072 tres
1341 4011 1424 4089 quasi

216 4121 254 4157 cx
269 4119 328 4157 uno
347 4119 396 4156 ore
414 4101 584 4172 laudabant,
600 4106 630 4157 εὴ
650 4099 861 4177 glorificabant,
877 4106 907 4156 εὴ
920 4098 1133 4156 benedicebant
1146 4097 1247 4154 Deum
1260 4095 1296 4152 in
1309 4095 1425 4152 fornace

216 4181 363 4237 dieentes:
386 4181 563 4238 Benedictus
577 4201 615 4251 es,
631 4181 759 4238 Domine
774 4182 854 4238 Deus
874 4186 994 4257 patrum
1014 4184 1183 4236 nostrorum
1192 4197 1201 4249 3
1222 4182 1254 4234 et
1266 4173 1423 4233 laudabilis

216 4269 246 4318 et
260 4261 403 4338 gloriosus
417 4268 447 4318 εὴ
461 4263 696 4338 superexaltatus
712 4263 744 4318 in
766 4262 878 4319 saecula.
922 4262 964 4317 Et
983 4260 1172 4317 benedictum
1192 4277 1303 4315 nomen
1324 4254 1423 4333 gloriae

217 4348 277 4399 tuac
301 4350 436 4399 sanctum
448 4363 456 4414 ;
491 4349 521 4400 et
551 4343 698 4400 laudabile
725 4349 755 4400 et
782 4342 1037 4419 superexaltatum
1067 4341 1100 4398 in
1130 4339 1267 4397 omnibus
1303 4335 1419 4395 saeculis.

216 4423 395 4481 Benedictus
409 4443 439 4480 es
451 4424 485 4480 in
502 4425 613 4500 templo
633 4430 734 4481 sancto
754 4424 855 4500 gloriae
876 4429 953 4495 tuae,
975 4428 1005 4480 et
1018 4420 1263 4498 superlaudabilis
1278 4425 1310 4478 et
1323 4435 1419 4494 supcr-

215 4505 358 4581 gloriosus
371 4505 404 4562 in
417 4505 529 4562 saecula.
574 4505 753 4562 Benedictus
774 4524 804 4562 es
824 4505 857 4560 in
876 4504 985 4561 throno
1005 4502 1090 4580 regni
1101 4501 1149 4558 tui
1159 4521 1169 4575 3
1191 4507 1223 4559 et
1236 4497 1420 4577 super-lauda·
