2926 4996
487 380 671 447 Dora'ioica
685 382 756 446 ΙΠ.
773 355 956 447 Adrastus.
1309 384 1326 444 5

129 551 251 608 Electus
265 569 355 621 meus,
371 549 548 624 complacuit
561 549 594 605 in
608 569 641 606 eo
655 549 754 606 anima
767 568 838 606 mea.
882 549 960 606 Dedi
974 549 1111 626 spiritum
1128 568 1223 606 meum
1246 567 1334 625 super·

129 651 208 703 eum,
228 631 374 706 judicium
395 630 532 706 gentibus
552 630 688 706 proferet.
752 629 823 686 Non
844 629 991 702 clamabit,
1013 649 1108 705 neque
1129 629 1251 706 accipiet
1270 648 1333 705 per·

129 732 243 783 sonam,
263 730 360 786 neque
380 711 518 768 audietur
537 711 608 768 foris
629 730 688 767 vox
709 711 777 785 ejus.
827 709 980 767 Calamum
1001 715 1171 785 quassatum
1191 729 1252 766 non
1268 729 1335 767 con-

129 799 216 864 teret,
232 798 263 849 et
277 792 390 868 lignum
410 792 559 868 fumigans
576 811 637 847 non
658 791 844 867 exstinguet:
865 790 898 847 in
913 791 1039 848 veritate
1056 791 1161 849 educet
1176 790 1330 866 judicium.

130 874 162 929 N
163 893 202 929 on
223 873 281 929 erit
300 872 402 939 tristis,
417 891 512 948 neque
532 871 731 941 turbulentus,
746 872 837 929 donec
857 878 949 947 ponat
968 872 1002 927 in
1021 877 1100 929 terra
1114 871 1280 947 judicium:
1304 879 1334 928 et

130 955 225 1030 legem
240 954 303 1027 ejus
317 953 420 1010 insulae
435 953 641 1028 expectabunt.
685 952 748 1028 Ego
763 949 910 1009 Dominus
923 952 1027 1009 vocavi
1040 972 1108 1010 eum
1121 953 1154 1008 in
1164 952 1293 1027 justitia,
1304 957 1336 1008 et

131 1034 313 1110 apprehendi
333 1053 454 1090 manum
474 1034 546 1109 ejus,
563 1039 593 1090 et
607 1033 728 1090 servari.
773 1033 814 1089 Et
834 1033 902 1090 dedi
923 1053 991 1090 eum
1010 1033 1043 1089 in
1063 1033 1157 1090 foedus
1178 1032 1287 1109 populi,
1304 1038 1334 1089 et

133 1117 164 1171 in
193 1115 288 1172 lucem
317 1115 470 1190 gentium:
505 1121 541 1170 ut
564 1114 691 1190 aperiret
711 1113 808 1170 oculos
829 1133 979 1186 caecorum,
1004 1119 1034 1170 et
1058 1113 1193 1171 educeret
1213 1113 1249 1170 de
1269 1132 1336 1169 con-

131 1197 261 1252 clusione
272 1195 414 1267 vinctum,
429 1194 565 1252 dedomo
578 1195 700 1252 carceris
714 1195 863 1251 sedentem
877 1194 909 1250 in
919 1194 1056 1252 tenebris.
1101 1195 1164 1270 Ego
1178 1193 1333 1265 Dominus,

133 1277 189 1333 hoc
203 1282 248 1333 est
261 1295 369 1334 nomen
382 1295 497 1333 meum:
519 1275 642 1352 gloriam
656 1295 750 1332 meam
765 1275 851 1332 alteri
866 1295 926 1332 non
940 1275 1024 1346 dubo,
1040 1294 1093 1332 nec
1108 1274 1225 1331 laudem
1239 1293 1335 1331 meam

134 1357 328 1432 sculptilibus,
373 1356 445 1425 Quae
466 1356 562 1432 prima
578 1357 708 1427 fuerunt,
724 1375 789 1413 ecce
806 1361 970 1413 venerunt:
990 1376 1070 1413 nova
1088 1375 1204 1432 quoque
1224 1374 1336 1411 annun-

132 1439 192 1495 tio:
213 1443 373 1513 antequam
387 1437 530 1509 oriantur,
542 1436 644 1494 audita
657 1437 741 1494 vobis
753 1436 865 1494 faciam.
904 1437 1030 1493 Caritate
1044 1436 1174 1493 Domino
1188 1435 1336 1492 canticum

134 1538 264 1590 novum,
291 1517 355 1575 laus
376 1518 439 1594 ejus
460 1519 498 1575 ab
518 1518 657 1575 extremis
678 1523 782 1574 terrae:
812 1518 889 1586 Quia
910 1518 1057 1574 Dominus
1070 1517 1147 1575 sicut
1160 1516 1245 1574 fortis
1258 1534 1339 1592 egre

134 1599 224 1669 ditur,
242 1605 272 1656 et
286 1599 362 1655 sicut
375 1599 422 1655 vir
435 1598 584 1675 praeliator
597 1598 752 1655 suscitabit
764 1598 866 1655 zelum.

194 1679 350 1754 Sequentia
364 1681 458 1736 suncti
470 1679 624 1754 anapelii
637 1681 795 1736 secundum
808 1679 847 1734 M
844 1699 946 1736 arctim
959 1678 995 1755 (i.
1013 1679 1089 1756 4-8)

195 1761 234 1816 In
254 1760 306 1816 illo
326 1767 464 1836 tempore,
482 1760 554 1816 Fuit
567 1761 589 1818 J
591 1760 720 1817 ohannes
740 1759 772 1816 in
793 1760 907 1817 deserto
931 1760 1084 1835 baptizans
1107 1779 1197 1833 usqae
1224 1760 1264 1815 od
1288 1757 1338 1815 ille

136 1861 204 1898 vero
218 1841 381 1917 baptizabit
397 1861 446 1899 vos
461 1840 576 1916 Spiritu
591 1840 705 1897 Sancto.

417 2025 578 2083 Dorrnucr
598 2041 708 2082 rnnrnr
729 2027 899 2083 Anvnurus
921 2027 1050 2083 Doxrrr.

200 2118 338 2191 Qfficiurrr.

197 2197 330 2255 Gaudete
344 2197 376 2254 in
390 2197 520 2255 Domino
534 2219 664 2275 semper:
685 2199 794 2256 iterum
813 2199 887 2271 dico,
901 2200 1034 2276 gaudete.
1079 2199 1227 2257 Modestia
1239 2205 1338 2256 vestra

138 2286 207 2335 nota
227 2279 267 2335 sit
287 2278 422 2336 omnibus
442 2279 628 2337 hominibus:
650 2279 797 2337 Dominus
817 2299 907 2356 prope
927 2288 978 2337 est.
1022 2279 1109 2337 Nihil
1122 2280 1241 2338 solliciti
1255 2280 1320 2337 sitis
1330 2299 1339 2351 ;

138 2359 186 2416 sed
200 2360 233 2415 in
246 2360 327 2415 omni
341 2359 473 2416 oratione
486 2360 642 2436 petitiones
656 2366 761 2417 vestrae
775 2362 961 2418 innotescant
973 2361 1052 2437 apud
1067 2361 1171 2418 Deum.

198 2440 344 2496 Prolatus.

199 2521 240 2576 Et
252 2540 312 2596 pax
326 2521 385 2577 Dei
399 2540 463 2597 quae
478 2527 635 2598 exsuperat
648 2541 765 2579 omnem
779 2541 913 2580 sensum:
935 2523 1082 2580 custodiat
1092 2522 1184 2594 ¹corda
1198 2527 1296 2580 vestra
1310 2529 1340 2579 et

140 2601 349 2676 intelligentias
363 2608 481 2659 vestras.

201 2682 308 2739 Oratio.

198 2763 313 2820 Aurem
333 2769 424 2835 tuam,
447 2784 620 2840 quaesumus,
643 2765 779 2837 Domine,
801 2757 935 2840 precibus
956 2765 1065 2822 nostris
1086 2765 1288 2823 accommoda:
1309 2771 1339 2821 et

140 2844 246 2900 mentis
267 2850 376 2900 nostrae
397 2845 534 2901 tenebras
556 2844 652 2921 gratia
676 2851 735 2902 tuae
758 2845 938 2903 visitationis
960 2845 1085 2904 illustra
1131 2846 1191 2915 Qui
1211 2845 1286 2903 vivis
1309 2852 1340 2902 et

140 2944 243 3001 regnas
257 2924 345 2982 Deus.
390 2925 449 2982 Per
462 2926 561 2982 omnia
574 2925 680 2983 saecula
694 2925 874 2984 saeculorum.

199 3005 295 3063 Lectio
308 3004 447 3081 Epistohe
461 3007 534 3063 beuti
548 3006 640 3063 Pauli
653 3006 783 3081 Apostoli
795 3009 836 3064 ad
850 3005 1014 3067 Corinthios
1027 3008 1062 3085 (l
1078 3008 1113 3065 iv.
1133 3008 1205 3085 1-5).

201 3086 328 3158 Fratres,
352 3086 399 3142 Sic
419 3106 473 3143 nos
494 3088 643 3144 existimet
667 3087 755 3145 homo
774 3093 811 3144 ut
831 3088 980 3146 ministros
999 3088 1111 3146 Christi
1135 3109 1225 3163 usqam
1245 3091 1285 3145 ud
1311 3094 1340 3145 et

146 3173 215 3223 tunc
228 3166 292 3223 laus
307 3166 362 3224 erit
377 3168 536 3244 uuicuique
550 3188 568 3225 a
582 3169 653 3226 Deo.

203 3246 335 3304 Crudele.

203 3328 261 3397 Qui
275 3329 364 3399 sedes,
379 3329 515 3401 Domine,
531 3349 618 3405 super·
632 3330 792 3402 Cherubin,
809 3330 906 3388 excita
920 3331 1083 3408 potentiam
1097 3338 1189 3403 tuam,
1205 3342 1235 3388 et
1249 3330 1324 3387 veni.

153 3408 178 3464 V.
201 3409 261 3478 Qui
274 3410 350 3485 regis
363 3408 466 3481 Israel,
480 3410 620 3483 intende,
642 3411 694 3486 qui
707 3411 827 3468 deducis
840 3411 923 3469 velut
937 3432 1022 3470 ovem
1035 3412 1057 3470 J
1058 3412 1153 3487 oseph.
1187 3410 1336 3486 Alleluya.

153 3488 178 3544 l'.
200 3489 314 3560 Excita,
330 3489 465 3561 Domine,
481 3492 645 3567 potentiam
658 3498 749 3564 tuam,
766 3499 795 3548 et
809 3492 887 3564 veni,
903 3499 939 3549 ut
952 3493 1047 3551 salvos
1060 3492 1148 3550 facias
1162 3511 1221 3549 nos

202 3570 365 3644 Sequentia,

262 3651 323 3720 Qui
335 3651 411 3728 regis
424 3659 539 3729 sceptra
551 3653 622 3710 forti
636 3654 758 3711 dextera
772 3654 851 3711 solus
864 3661 977 3726 cuncta,

263 3731 308 3788 Tu
322 3731 401 3808 plebi
414 3738 473 3790 tuae
487 3734 607 3791 ostende
620 3754 758 3811 magnam
772 3736 928 3793 excitando
942 3735 1104 3812 potentiam
1115 3755 1124 3806 3

263 3813 376 3870 Praesta
389 3813 466 3871 dona
479 3814 524 3870 illi
537 3815 683 3873 salutaria.

263 3893 358 3963 Quem
372 3895 574 3970 praedixerunt
586 3896 757 3972 prophetica
769 3897 918 3968 vaticinia,

263 3975 296 4030 A
309 3974 387 4032 clara
400 3975 460 4051 poli
473 3975 554 4052 regia

263 4055 303 4111 In
317 4060 417 4113 nostra
430 4056 452 4113 J
453 4076 534 4113 esum
548 4056 643 4128 mitte,
660 4058 796 4129 Domine,
811 4059 908 4115 arra*

203 4137 370 4193 b'ecrcrulurrr
383 4137 423 4193 M
420 4137 558 4195 arctoum
571 4138 627 4215 (cri.
644 4139 738 4217 2-10).

205 4217 242 4273 In
265 4216 316 4273 illo
339 4223 478 4294 tempore,
501 4217 577 4275 Cunr
599 4219 728 4277 audisset
751 4220 902 4278 Johannes
923 4220 955 4276 in
976 4221 1103 4278 vinculis
1124 4220 1211 4297 op'era
1233 4219 1344 4277 Christi

152 4316 233 4371 mpero
247 4299 288 4354 od
302 4298 354 4372 qui
368 4299 543 4375 praeparabit
556 4299 636 4356 viam
649 4306 732 4358 tuam
747 4307 815 4357 ante
829 4306 866 4357 te.

192 4463 203 4485 ¹
220 4463 264 4508 lta
276 4462 349 4507 MSS.
362 4463 512 4508 alr-md.
544 4464 1031 4522 Innostra,Jcsu,mittofflonrinaorva.
1064 4468 1148 4512 Surum
1166 4468 1212 4512 and
1229 4467 1345 4513 Herciord

154 4516 205 4564 de
237 4522 266 4566 In
277 4525 367 4579 nostra,
377 4523 392 4567 J
394 4536 444 4579 esu,
456 4524 520 4580 voni,
530 4522 640 4580 Domine,
650 4538 715 4568 aruo.
