<?xml version="1.0" encoding="UTF-8"?>
<!DOCTYPE html PUBLIC "-//W3C//DTD XHTML 1.0 Transitional//EN"
    "http://www.w3.org/TR/xhtml1/DTD/xhtml1-transitional.dtd">
<html xmlns="http://www.w3.org/1999/xhtml" xml:lang="en" lang="en">
 <head>
  <title>
</title>
<meta http-equiv="Content-Type" content="text/html;charset=utf-8" />
  <meta name='ocr-system' content='tesseract 3.04.00' />
  <meta name='ocr-capabilities' content='ocr_page ocr_carea ocr_par ocr_line ocrx_word'/>
</head>
<body>
  <div class='ocr_page' id='page_1' title='image "./missaleadusumin00churgoog_0115.png"; bbox 0 0 2926 4996; ppageno 0'>
   <div class='ocr_carea' id='block_1_1' title="bbox 128 355 1017 442">
    <p class='ocr_par' dir='ltr' id='par_1_1' title="bbox 128 355 1017 442">
     <span class='ocr_line' id='line_1_1' title="bbox 128 355 1017 442; baseline 0 -19"><span class='ocrx_word' id='word_1_1' title='bbox 128 362 169 424; x_wconf 78' lang='lat'>62</span> <span class='ocrx_word' id='word_1_2' title='bbox 446 357 666 422; x_wconf 79' lang='lat' dir='ltr'><em>Hebdomada</em></span> <span class='ocrx_word' id='word_1_3' title='bbox 680 356 716 422; x_wconf 81' lang='lat' dir='ltr'>a&#39;i.</span> <span class='ocrx_word' id='word_1_4' title='bbox 736 355 1017 442; x_wconf 69' lang='lat' dir='ltr'>Quudropaaiaaae,</span> 
     </span>
    </p>
   </div>
   <div class='ocr_carea' id='block_1_2' title="bbox 128 525 1335 1553">
    <p class='ocr_par' dir='ltr' id='par_1_2' title="bbox 190 525 310 584">
     <span class='ocr_line' id='line_1_2' title="bbox 190 525 310 584; baseline 0 0"><span class='ocrx_word' id='word_1_5' title='bbox 190 525 310 584; x_wconf 78' lang='lat' dir='ltr'>Sacrata.</span> 
     </span>
    </p>

    <p class='ocr_par' dir='ltr' id='par_1_3' title="bbox 128 604 1334 765">
     <span class='ocr_line' id='line_1_3' title="bbox 189 604 1334 682; baseline -0.001 -19"><span class='ocrx_word' id='word_1_6' title='bbox 189 607 265 664; x_wconf 91' lang='lat' dir='ltr'>Haec</span> <span class='ocrx_word' id='word_1_7' title='bbox 292 606 395 679; x_wconf 82' lang='lat' dir='ltr'>hostia,</span> <span class='ocrx_word' id='word_1_8' title='bbox 422 606 559 678; x_wconf 86' lang='lat' dir='ltr'><strong>Domine,</strong></span> <span class='ocrx_word' id='word_1_9' title='bbox 584 605 757 681; x_wconf 69' lang='lat' dir='ltr'><strong>placationis</strong></span> <span class='ocrx_word' id='word_1_10' title='bbox 784 611 815 663; x_wconf 89' lang='lat' dir='ltr'>et</span> <span class='ocrx_word' id='word_1_11' title='bbox 842 604 938 663; x_wconf 90' lang='lat' dir='ltr'>laudis</span> <span class='ocrx_word' id='word_1_12' title='bbox 965 611 1018 663; x_wconf 87' lang='lat' dir='ltr'>tua</span> <span class='ocrx_word' id='word_1_13' title='bbox 1044 624 1098 662; x_wconf 88' lang='lat' dir='ltr'>nos</span> <span class='ocrx_word' id='word_1_14' title='bbox 1125 604 1334 682; x_wconf 71' lang='lat' dir='ltr'>propitiatione</span> 
     </span>
     <span class='ocr_line' id='line_1_4' title="bbox 128 686 648 765; baseline -0.006 -20"><span class='ocrx_word' id='word_1_15' title='bbox 128 688 232 765; x_wconf 87' lang='lat' dir='ltr'>dignos</span> <span class='ocrx_word' id='word_1_16' title='bbox 247 688 360 744; x_wconf 89' lang='lat' dir='ltr'>efficiat.</span> <span class='ocrx_word' id='word_1_17' title='bbox 405 686 463 744; x_wconf 90' lang='lat' dir='ltr'>Per</span> <span class='ocrx_word' id='word_1_18' title='bbox 478 687 648 744; x_wconf 90' lang='lat' dir='ltr'>Dominum.</span> 
     </span>
    </p>

    <p class='ocr_par' dir='ltr' id='par_1_4' title="bbox 191 767 373 827">
     <span class='ocr_line' id='line_1_5' title="bbox 191 767 373 827; baseline -0.011 -1"><span class='ocrx_word' id='word_1_19' title='bbox 191 767 373 827; x_wconf 77' lang='lat' dir='ltr'>Communia.</span> 
     </span>
    </p>

    <p class='ocr_par' dir='ltr' id='par_1_5' title="bbox 129 847 1333 988">
     <span class='ocr_line' id='line_1_6' title="bbox 189 847 1333 924; baseline -0.002 -18"><span class='ocrx_word' id='word_1_20' title='bbox 189 850 318 907; x_wconf 82' lang='lat' dir='ltr'><strong>Domine</strong></span> <span class='ocrx_word' id='word_1_21' title='bbox 345 848 493 906; x_wconf 81' lang='lat' dir='ltr'>Dominus</span> <span class='ocrx_word' id='word_1_22' title='bbox 519 854 627 920; x_wconf 90' lang='lat' dir='ltr'>noster,</span> <span class='ocrx_word' id='word_1_23' title='bbox 653 868 743 924; x_wconf 90' lang='lat' dir='ltr'>quam</span> <span class='ocrx_word' id='word_1_24' title='bbox 772 848 946 906; x_wconf 80' lang='lat' dir='ltr'>admirabile</span> <span class='ocrx_word' id='word_1_25' title='bbox 973 852 1018 905; x_wconf 87' lang='lat' dir='ltr'>est</span> <span class='ocrx_word' id='word_1_26' title='bbox 1044 866 1155 905; x_wconf 90' lang='lat' dir='ltr'>nomen</span> <span class='ocrx_word' id='word_1_27' title='bbox 1190 851 1280 904; x_wconf 92' lang='lat' dir='ltr'>tuum</span> <span class='ocrx_word' id='word_1_28' title='bbox 1304 847 1333 904; x_wconf 93' lang='lat' dir='ltr'>in</span> 
     </span>
     <span class='ocr_line' id='line_1_7' title="bbox 129 930 367 988; baseline -0.008 0"><span class='ocrx_word' id='word_1_29' title='bbox 129 930 268 988; x_wconf 89' lang='lat' dir='ltr'>universa</span> <span class='ocrx_word' id='word_1_30' title='bbox 280 937 367 988; x_wconf 86' lang='lat' dir='ltr'>terra.</span> 
     </span>
    </p>

    <p class='ocr_par' dir='ltr' id='par_1_6' title="bbox 190 1011 434 1069">
     <span class='ocr_line' id='line_1_8' title="bbox 190 1011 434 1069; baseline 0 -2"><span class='ocrx_word' id='word_1_31' title='bbox 190 1011 434 1069; x_wconf 82' lang='lat' dir='ltr'>Poatcoanaaaaaaaio.</span> 
     </span>
    </p>

    <p class='ocr_par' dir='ltr' id='par_1_7' title="bbox 129 1089 1334 1230">
     <span class='ocr_line' id='line_1_9' title="bbox 190 1089 1334 1168; baseline 0 -20"><span class='ocrx_word' id='word_1_32' title='bbox 190 1093 265 1149; x_wconf 87' lang='lat' dir='ltr'>Haec</span> <span class='ocrx_word' id='word_1_33' title='bbox 286 1112 339 1149; x_wconf 92' lang='lat' dir='ltr'>nos</span> <span class='ocrx_word' id='word_1_34' title='bbox 360 1091 535 1160; x_wconf 87' lang='lat' dir='ltr'>communio,</span> <span class='ocrx_word' id='word_1_35' title='bbox 552 1090 689 1160; x_wconf 84' lang='lat' dir='ltr'>Domine,</span> <span class='ocrx_word' id='word_1_36' title='bbox 704 1096 810 1168; x_wconf 81' lang='lat' dir='ltr'>purget</span> <span class='ocrx_word' id='word_1_37' title='bbox 828 1110 846 1149; x_wconf 89' lang='lat' dir='ltr'>a</span> <span class='ocrx_word' id='word_1_38' title='bbox 867 1089 999 1164; x_wconf 89' lang='lat' dir='ltr'>crimine,</span> <span class='ocrx_word' id='word_1_39' title='bbox 1015 1098 1046 1149; x_wconf 90' lang='lat' dir='ltr'>et</span> <span class='ocrx_word' id='word_1_40' title='bbox 1068 1090 1195 1148; x_wconf 85' lang='lat' dir='ltr'>caelestis</span> <span class='ocrx_word' id='word_1_41' title='bbox 1215 1089 1334 1149; x_wconf 90' lang='lat' dir='ltr'>remedii</span> 
     </span>
     <span class='ocr_line' id='line_1_10' title="bbox 129 1172 748 1230; baseline -0.003 0"><span class='ocrx_word' id='word_1_42' title='bbox 129 1174 218 1230; x_wconf 84' lang='lat' dir='ltr'>faciat</span> <span class='ocrx_word' id='word_1_43' title='bbox 232 1193 292 1230; x_wconf 87' lang='lat' dir='ltr'>esse</span> <span class='ocrx_word' id='word_1_44' title='bbox 306 1178 461 1230; x_wconf 75' lang='lat' dir='ltr'>consortes.</span> <span class='ocrx_word' id='word_1_45' title='bbox 506 1172 564 1229; x_wconf 90' lang='lat' dir='ltr'>Per</span> <span class='ocrx_word' id='word_1_46' title='bbox 577 1173 748 1228; x_wconf 90' lang='lat' dir='ltr'>Dominum.</span> 
     </span>
    </p>

    <p class='ocr_par' dir='ltr' id='par_1_8' title="bbox 190 1253 462 1328">
     <span class='ocr_line' id='line_1_11' title="bbox 190 1253 462 1328; baseline -0.015 -16"><span class='ocrx_word' id='word_1_47' title='bbox 190 1254 285 1328; x_wconf 77' lang='lat' dir='ltr'>Super</span> <span class='ocrx_word' id='word_1_48' title='bbox 305 1253 462 1328; x_wconf 79' lang='lat' dir='ltr'>Populum.</span> 
     </span>
    </p>

    <p class='ocr_par' dir='ltr' id='par_1_9' title="bbox 129 1333 1335 1553">
     <span class='ocr_line' id='line_1_12' title="bbox 189 1333 1334 1410; baseline 0.001 -20"><span class='ocrx_word' id='word_1_49' title='bbox 189 1337 305 1392; x_wconf 82' lang='lat' dir='ltr'>Adesto</span> <span class='ocrx_word' id='word_1_50' title='bbox 319 1333 581 1409; x_wconf 83' lang='lat' dir='ltr'>supplicationibus</span> <span class='ocrx_word' id='word_1_51' title='bbox 595 1333 711 1405; x_wconf 89' lang='lat' dir='ltr'>nostris,</span> <span class='ocrx_word' id='word_1_52' title='bbox 724 1334 910 1410; x_wconf 88' lang='lat' dir='ltr'>omnipotens</span> <span class='ocrx_word' id='word_1_53' title='bbox 921 1334 1004 1390; x_wconf 91' lang='lat' dir='ltr'>Deus</span> <span class='ocrx_word' id='word_1_54' title='bbox 1015 1354 1021 1391; x_wconf 93' lang='lat'><strong>:</strong></span> <span class='ocrx_word' id='word_1_55' title='bbox 1039 1339 1070 1390; x_wconf 88' lang='lat' dir='ltr'>et</span> <span class='ocrx_word' id='word_1_56' title='bbox 1080 1333 1191 1409; x_wconf 86' lang='lat' dir='ltr'>quibus</span> <span class='ocrx_word' id='word_1_57' title='bbox 1200 1333 1334 1392; x_wconf 87' lang='lat' dir='ltr'>fiduciam</span> 
     </span>
     <span class='ocr_line' id='line_1_13' title="bbox 129 1414 1335 1492; baseline 0 -21"><span class='ocrx_word' id='word_1_58' title='bbox 129 1415 280 1491; x_wconf 85' lang='lat' dir='ltr'>sperandae</span> <span class='ocrx_word' id='word_1_59' title='bbox 313 1415 433 1490; x_wconf 88' lang='lat' dir='ltr'>pietatis</span> <span class='ocrx_word' id='word_1_60' title='bbox 467 1414 612 1491; x_wconf 81' lang='lat' dir='ltr'>indulges,</span> <span class='ocrx_word' id='word_1_61' title='bbox 643 1421 790 1471; x_wconf 84' lang='lat' dir='ltr'>consuetae</span> <span class='ocrx_word' id='word_1_62' title='bbox 817 1415 1023 1472; x_wconf 83' lang='lat' dir='ltr'>misericordiae</span> <span class='ocrx_word' id='word_1_63' title='bbox 1058 1415 1158 1472; x_wconf 84' lang='lat' dir='ltr'>tribue</span> <span class='ocrx_word' id='word_1_64' title='bbox 1193 1415 1335 1492; x_wconf 82' lang='lat' dir='ltr'>benignus</span> 
     </span>
     <span class='ocr_line' id='line_1_14' title="bbox 131 1495 562 1553; baseline 0 -1"><span class='ocrx_word' id='word_1_65' title='bbox 131 1497 274 1553; x_wconf 85' lang='lat' dir='ltr'>effectum.</span> <span class='ocrx_word' id='word_1_66' title='bbox 318 1496 377 1552; x_wconf 91' lang='lat' dir='ltr'>Per</span> <span class='ocrx_word' id='word_1_67' title='bbox 391 1495 562 1552; x_wconf 91' lang='lat' dir='ltr'>Dominum.</span> 
     </span>
    </p>
   </div>
   <div class='ocr_carea' id='block_1_3' title="bbox 130 1658 1343 3923">
    <p class='ocr_par' dir='ltr' id='par_1_10' title="bbox 609 1658 855 1716">
     <span class='ocr_line' id='line_1_15' title="bbox 609 1658 855 1716; baseline 0.004 -2"><span class='ocrx_word' id='word_1_68' title='bbox 609 1658 710 1715; x_wconf 82' lang='lat' dir='ltr'>Fnam</span> <span class='ocrx_word' id='word_1_69' title='bbox 730 1658 855 1716; x_wconf 80' lang='lat' dir='ltr'>Tnnrm.</span> 
     </span>
    </p>

    <p class='ocr_par' dir='ltr' id='par_1_11' title="bbox 192 1739 331 1813">
     <span class='ocr_line' id='line_1_16' title="bbox 192 1739 331 1813; baseline -0.022 -16"><span class='ocrx_word' id='word_1_70' title='bbox 192 1739 331 1813; x_wconf 81' lang='lat' dir='ltr'>Officiuaaa.</span> 
     </span>
    </p>

    <p class='ocr_par' dir='ltr' id='par_1_12' title="bbox 130 1818 1334 1977">
     <span class='ocr_line' id='line_1_17' title="bbox 191 1818 1334 1894; baseline 0.003 -18"><span class='ocrx_word' id='word_1_71' title='bbox 191 1820 259 1876; x_wconf 85' lang='lat' dir='ltr'>Tibi</span> <span class='ocrx_word' id='word_1_72' title='bbox 273 1820 351 1876; x_wconf 84' lang='lat' dir='ltr'>dixit</span> <span class='ocrx_word' id='word_1_73' title='bbox 365 1838 414 1875; x_wconf 89' lang='lat' dir='ltr'>cor</span> <span class='ocrx_word' id='word_1_74' title='bbox 427 1839 546 1891; x_wconf 76' lang='lat' dir='ltr'>meum,</span> <span class='ocrx_word' id='word_1_75' title='bbox 566 1818 689 1894; x_wconf 81' lang='lat' dir='ltr'>quaesivi</span> <span class='ocrx_word' id='word_1_76' title='bbox 702 1820 821 1877; x_wconf 88' lang='lat' dir='ltr'>vultum</span> <span class='ocrx_word' id='word_1_77' title='bbox 833 1827 939 1877; x_wconf 87' lang='lat' dir='ltr'>tuum:</span> <span class='ocrx_word' id='word_1_78' title='bbox 958 1819 1076 1877; x_wconf 89' lang='lat' dir='ltr'>vultum</span> <span class='ocrx_word' id='word_1_79' title='bbox 1088 1826 1187 1894; x_wconf 88' lang='lat' dir='ltr'>tunm,</span> <span class='ocrx_word' id='word_1_80' title='bbox 1201 1821 1334 1892; x_wconf 86' lang='lat' dir='ltr'>Domine,</span> 
     </span>
     <span class='ocr_line' id='line_1_18' title="bbox 130 1900 1144 1977; baseline 0 -19"><span class='ocrx_word' id='word_1_81' title='bbox 130 1901 276 1977; x_wconf 87' lang='lat' dir='ltr'>requiram</span> <span class='ocrx_word' id='word_1_82' title='bbox 287 1921 296 1973; x_wconf 77' lang='lat'>3</span> <span class='ocrx_word' id='word_1_83' title='bbox 317 1919 354 1957; x_wconf 92' lang='lat' dir='ltr'>ne</span> <span class='ocrx_word' id='word_1_84' title='bbox 368 1907 486 1957; x_wconf 87' lang='lat' dir='ltr'>avertas</span> <span class='ocrx_word' id='word_1_85' title='bbox 500 1900 604 1958; x_wconf 84' lang='lat' dir='ltr'>facicm</span> <span class='ocrx_word' id='word_1_86' title='bbox 617 1908 702 1957; x_wconf 87' lang='lat' dir='ltr'>tuam</span> <span class='ocrx_word' id='word_1_87' title='bbox 716 1921 734 1958; x_wconf 90' lang='lat' dir='ltr'>a</span> <span class='ocrx_word' id='word_1_88' title='bbox 746 1920 801 1959; x_wconf 89' lang='lat' dir='ltr'>me.</span> <span class='ocrx_word' id='word_1_89' title='bbox 1142 1903 1144 1907; x_wconf 75' lang='grc'>’</span> 
     </span>
    </p>

    <p class='ocr_par' dir='ltr' id='par_1_13' title="bbox 191 1982 336 2039">
     <span class='ocr_line' id='line_1_19' title="bbox 191 1982 336 2039; baseline -0.007 -1"><span class='ocrx_word' id='word_1_90' title='bbox 191 1982 336 2039; x_wconf 77' lang='lat' dir='ltr'>Pantanus.</span> 
     </span>
    </p>

    <p class='ocr_par' dir='ltr' id='par_1_14' title="bbox 191 2061 1119 2139">
     <span class='ocr_line' id='line_1_20' title="bbox 191 2061 1119 2139; baseline 0.002 -19"><span class='ocrx_word' id='word_1_91' title='bbox 191 2063 339 2120; x_wconf 90' lang='lat' dir='ltr'>Dominus</span> <span class='ocrx_word' id='word_1_92' title='bbox 353 2061 533 2118; x_wconf 89' lang='lat' dir='ltr'>illuminatio</span> <span class='ocrx_word' id='word_1_93' title='bbox 547 2081 620 2135; x_wconf 90' lang='lat' dir='ltr'>mea,</span> <span class='ocrx_word' id='word_1_94' title='bbox 637 2068 667 2119; x_wconf 93' lang='lat' dir='ltr'>et</span> <span class='ocrx_word' id='word_1_95' title='bbox 681 2061 759 2119; x_wconf 87' lang='lat' dir='ltr'>salus</span> <span class='ocrx_word' id='word_1_96' title='bbox 773 2082 857 2120; x_wconf 89' lang='lat' dir='ltr'>mea:</span> <span class='ocrx_word' id='word_1_97' title='bbox 881 2082 970 2139; x_wconf 89' lang='lat' dir='ltr'>quem</span> <span class='ocrx_word' id='word_1_98' title='bbox 984 2062 1119 2122; x_wconf 78' lang='lat' dir='ltr'>timebat</span> 
     </span>
    </p>

    <p class='ocr_par' dir='ltr' id='par_1_15' title="bbox 193 2143 302 2202">
     <span class='ocr_line' id='line_1_21' title="bbox 193 2143 302 2202; baseline -0.018 0"><span class='ocrx_word' id='word_1_99' title='bbox 193 2143 302 2202; x_wconf 78' lang='lat' dir='ltr'>Oratio.</span> 
     </span>
    </p>

    <p class='ocr_par' dir='ltr' id='par_1_16' title="bbox 131 2223 1337 2464">
     <span class='ocr_line' id='line_1_22' title="bbox 191 2223 1336 2300; baseline 0.001 -18"><span class='ocrx_word' id='word_1_100' title='bbox 191 2225 311 2297; x_wconf 86' lang='lat' dir='ltr'>Perfice,</span> <span class='ocrx_word' id='word_1_101' title='bbox 328 2243 505 2300; x_wconf 87' lang='lat' dir='ltr'>quaesumus,</span> <span class='ocrx_word' id='word_1_102' title='bbox 527 2224 664 2295; x_wconf 88' lang='lat' dir='ltr'>Domine,</span> <span class='ocrx_word' id='word_1_103' title='bbox 685 2223 830 2299; x_wconf 81' lang='lat' dir='ltr'>benignus</span> <span class='ocrx_word' id='word_1_104' title='bbox 851 2224 885 2281; x_wconf 89' lang='lat' dir='ltr'>in</span> <span class='ocrx_word' id='word_1_105' title='bbox 905 2225 991 2282; x_wconf 87' lang='lat' dir='ltr'>nobis</span> <span class='ocrx_word' id='word_1_106' title='bbox 1013 2225 1209 2283; x_wconf 84' lang='lat' dir='ltr'>observantiae</span> <span class='ocrx_word' id='word_1_107' title='bbox 1232 2231 1336 2283; x_wconf 78' lang='lat' dir='ltr'>sanctae</span> 
     </span>
     <span class='ocr_line' id='line_1_23' title="bbox 131 2305 1337 2383; baseline 0 -20"><span class='ocrx_word' id='word_1_108' title='bbox 131 2306 313 2364; x_wconf 86' lang='lat' dir='ltr'>subsidium:</span> <span class='ocrx_word' id='word_1_109' title='bbox 334 2313 370 2362; x_wconf 86' lang='lat' dir='ltr'>ut</span> <span class='ocrx_word' id='word_1_110' title='bbox 384 2325 449 2381; x_wconf 87' lang='lat' dir='ltr'>quae</span> <span class='ocrx_word' id='word_1_111' title='bbox 466 2310 497 2361; x_wconf 89' lang='lat' dir='ltr'>te</span> <span class='ocrx_word' id='word_1_112' title='bbox 517 2311 636 2362; x_wconf 89' lang='lat' dir='ltr'>auctore</span> <span class='ocrx_word' id='word_1_113' title='bbox 656 2305 789 2362; x_wconf 85' lang='lat' dir='ltr'>facienda</span> <span class='ocrx_word' id='word_1_114' title='bbox 809 2305 1009 2382; x_wconf 85' lang='lat' dir='ltr'>cognovimus,</span> <span class='ocrx_word' id='word_1_115' title='bbox 1023 2313 1055 2364; x_wconf 87' lang='lat' dir='ltr'>te</span> <span class='ocrx_word' id='word_1_116' title='bbox 1075 2307 1246 2383; x_wconf 88' lang='lat' dir='ltr'>opitulante</span> <span class='ocrx_word' id='word_1_117' title='bbox 1266 2325 1337 2365; x_wconf 91' lang='lat' dir='ltr'>com·</span> 
     </span>
     <span class='ocr_line' id='line_1_24' title="bbox 131 2386 559 2464; baseline -0.002 -20"><span class='ocrx_word' id='word_1_118' title='bbox 131 2388 271 2464; x_wconf 84' lang='lat' dir='ltr'>pleamus.</span> <span class='ocrx_word' id='word_1_119' title='bbox 315 2386 374 2443; x_wconf 89' lang='lat' dir='ltr'>Per</span> <span class='ocrx_word' id='word_1_120' title='bbox 387 2386 559 2443; x_wconf 89' lang='lat' dir='ltr'>Dominum.</span> 
     </span>
    </p>

    <p class='ocr_par' dir='ltr' id='par_1_17' title="bbox 191 2465 747 2544">
     <span class='ocr_line' id='line_1_25' title="bbox 191 2465 747 2544; baseline 0 -20"><span class='ocrx_word' id='word_1_121' title='bbox 191 2468 287 2525; x_wconf 79' lang='lat' dir='ltr'>Lectio</span> <span class='ocrx_word' id='word_1_122' title='bbox 302 2467 369 2524; x_wconf 65' lang='lat' dir='ltr'>libat</span> <span class='ocrx_word' id='word_1_123' title='bbox 382 2467 494 2541; x_wconf 75' lang='lat' dir='ltr'>Rapum</span> <span class='ocrx_word' id='word_1_124' title='bbox 508 2465 545 2543; x_wconf 84' lang='lat'>(3</span> <span class='ocrx_word' id='word_1_125' title='bbox 566 2467 635 2524; x_wconf 76' lang='lat' dir='ltr'>arcii.</span> <span class='ocrx_word' id='word_1_126' title='bbox 652 2465 747 2544; x_wconf 81' lang='lat'><em>8-16).</em></span> 
     </span>
    </p>

    <p class='ocr_par' dir='ltr' id='par_1_18' title="bbox 132 2546 1338 2784">
     <span class='ocr_line' id='line_1_26' title="bbox 193 2546 1337 2619; baseline 0.003 -15"><span class='ocrx_word' id='word_1_127' title='bbox 193 2549 233 2604; x_wconf 92' lang='lat' dir='ltr'>ln</span> <span class='ocrx_word' id='word_1_128' title='bbox 257 2548 360 2605; x_wconf 89' lang='lat' dir='ltr'>diebus</span> <span class='ocrx_word' id='word_1_129' title='bbox 383 2548 452 2619; x_wconf 91' lang='lat' dir='ltr'>illis,</span> <span class='ocrx_word' id='word_1_130' title='bbox 474 2546 583 2604; x_wconf 84' lang='lat' dir='ltr'>Factus</span> <span class='ocrx_word' id='word_1_131' title='bbox 610 2553 655 2604; x_wconf 91' lang='lat' dir='ltr'>est</span> <span class='ocrx_word' id='word_1_132' title='bbox 683 2566 777 2604; x_wconf 88' lang='lat' dir='ltr'>sermo</span> <span class='ocrx_word' id='word_1_133' title='bbox 802 2546 927 2604; x_wconf 90' lang='lat' dir='ltr'>Domini</span> <span class='ocrx_word' id='word_1_134' title='bbox 949 2547 987 2605; x_wconf 86' lang='lat' dir='ltr'>ad</span> <span class='ocrx_word' id='word_1_135' title='bbox 1015 2548 1139 2606; x_wconf 85' lang='lat' dir='ltr'>Heliam</span> <span class='ocrx_word' id='word_1_136' title='bbox 1167 2549 1337 2608; x_wconf 83' lang='lat' dir='ltr'>Thesbitem</span> 
     </span>
     <span class='ocr_line' id='line_1_27' title="bbox 133 2628 1338 2705; baseline 0.002 -19"><span class='ocrx_word' id='word_1_137' title='bbox 133 2629 251 2700; x_wconf 78' lang='lat' dir='ltr'>dicens3</span> <span class='ocrx_word' id='word_1_138' title='bbox 282 2628 383 2703; x_wconf 81' lang='lat' dir='ltr'>Surge,</span> <span class='ocrx_word' id='word_1_139' title='bbox 409 2633 440 2684; x_wconf 91' lang='lat' dir='ltr'>et</span> <span class='ocrx_word' id='word_1_140' title='bbox 460 2628 534 2684; x_wconf 88' lang='lat' dir='ltr'>vade</span> <span class='ocrx_word' id='word_1_141' title='bbox 557 2629 590 2684; x_wconf 91' lang='lat' dir='ltr'>in</span> <span class='ocrx_word' id='word_1_142' title='bbox 615 2628 768 2703; x_wconf 83' lang='lat' dir='ltr'>Sareptam</span> <span class='ocrx_word' id='word_1_143' title='bbox 793 2649 883 2703; x_wconf 79' lang='lat' dir='ltr'>usque</span> <span class='ocrx_word' id='word_1_144' title='bbox 907 2629 948 2686; x_wconf 84' lang='lat' dir='ltr'>ad</span> <span class='ocrx_word' id='word_1_145' title='bbox 974 2629 1109 2705; x_wconf 85' lang='lat' dir='ltr'>lecythus</span> <span class='ocrx_word' id='word_1_146' title='bbox 1133 2630 1278 2688; x_wconf 88' lang='lat' dir='ltr'>alcinon</span> <span class='ocrx_word' id='word_1_147' title='bbox 1297 2636 1338 2688; x_wconf 88' lang='lat' dir='ltr'>est</span> 
     </span>
     <span class='ocr_line' id='line_1_28' title="bbox 132 2708 1308 2784; baseline 0.004 -19"><span class='ocrx_word' id='word_1_148' title='bbox 132 2709 315 2777; x_wconf 88' lang='lat' dir='ltr'>imminutus,</span> <span class='ocrx_word' id='word_1_149' title='bbox 325 2710 417 2783; x_wconf 84' lang='lat' dir='ltr'>juxta</span> <span class='ocrx_word' id='word_1_150' title='bbox 426 2709 550 2765; x_wconf 89' lang='lat' dir='ltr'>verbum</span> <span class='ocrx_word' id='word_1_151' title='bbox 565 2708 696 2781; x_wconf 91' lang='lat' dir='ltr'>Domini,</span> <span class='ocrx_word' id='word_1_152' title='bbox 713 2710 792 2784; x_wconf 90' lang='lat' dir='ltr'>quod</span> <span class='ocrx_word' id='word_1_153' title='bbox 806 2710 922 2767; x_wconf 89' lang='lat' dir='ltr'>locutus</span> <span class='ocrx_word' id='word_1_154' title='bbox 935 2709 1033 2768; x_wconf 84' lang='lat' dir='ltr'>fuerat</span> <span class='ocrx_word' id='word_1_155' title='bbox 1046 2712 1079 2768; x_wconf 92' lang='lat' dir='ltr'>in</span> <span class='ocrx_word' id='word_1_156' title='bbox 1093 2731 1185 2769; x_wconf 89' lang='lat' dir='ltr'>manu</span> <span class='ocrx_word' id='word_1_157' title='bbox 1200 2711 1308 2770; x_wconf 83' lang='lat' dir='ltr'>Helia.</span> 
     </span>
    </p>

    <p class='ocr_par' dir='ltr' id='par_1_19' title="bbox 196 2788 329 2846">
     <span class='ocr_line' id='line_1_29' title="bbox 196 2788 329 2846; baseline 0 -1"><span class='ocrx_word' id='word_1_158' title='bbox 196 2788 329 2846; x_wconf 64' lang='lat' dir='ltr'>Gaudete.</span> 
     </span>
    </p>

    <p class='ocr_par' dir='ltr' id='par_1_20' title="bbox 193 2869 1095 2947">
     <span class='ocr_line' id='line_1_30' title="bbox 193 2869 1095 2947; baseline 0.004 -21"><span class='ocrx_word' id='word_1_159' title='bbox 193 2870 282 2927; x_wconf 69' lang='lat' dir='ltr'>lacta</span> <span class='ocrx_word' id='word_1_160' title='bbox 296 2869 457 2945; x_wconf 86' lang='lat' dir='ltr'>cogitatum</span> <span class='ocrx_word' id='word_1_161' title='bbox 472 2875 559 2926; x_wconf 91' lang='lat' dir='ltr'>tuum</span> <span class='ocrx_word' id='word_1_162' title='bbox 573 2870 605 2926; x_wconf 92' lang='lat' dir='ltr'>in</span> <span class='ocrx_word' id='word_1_163' title='bbox 620 2871 768 2929; x_wconf 86' lang='lat' dir='ltr'>Domino:</span> <span class='ocrx_word' id='word_1_164' title='bbox 788 2876 819 2928; x_wconf 90' lang='lat' dir='ltr'>et</span> <span class='ocrx_word' id='word_1_165' title='bbox 835 2871 897 2947; x_wconf 88' lang='lat' dir='ltr'>ipsc</span> <span class='ocrx_word' id='word_1_166' title='bbox 910 2876 942 2929; x_wconf 92' lang='lat' dir='ltr'>te</span> <span class='ocrx_word' id='word_1_167' title='bbox 956 2872 1095 2930; x_wconf 88' lang='lat' dir='ltr'>enutriet.</span> 
     </span>
    </p>

    <p class='ocr_par' dir='ltr' id='par_1_21' title="bbox 134 2950 1340 3107">
     <span class='ocr_line' id='line_1_31' title="bbox 140 2950 1340 3032; baseline 0.004 -24"><span class='ocrx_word' id='word_1_168' title='bbox 140 2951 169 3008; x_wconf 84' lang='lat' dir='ltr'>V.</span> <span class='ocrx_word' id='word_1_169' title='bbox 196 2950 276 3007; x_wconf 92' lang='lat' dir='ltr'>Dum</span> <span class='ocrx_word' id='word_1_170' title='bbox 302 2950 458 3007; x_wconf 87' lang='lat' dir='ltr'>clamarem</span> <span class='ocrx_word' id='word_1_171' title='bbox 481 2950 519 3007; x_wconf 88' lang='lat' dir='ltr'>ad</span> <span class='ocrx_word' id='word_1_172' title='bbox 543 2951 707 3008; x_wconf 91' lang='lat' dir='ltr'>Dominum</span> <span class='ocrx_word' id='word_1_173' title='bbox 730 2952 886 3010; x_wconf 87' lang='lat' dir='ltr'>exaudivit</span> <span class='ocrx_word' id='word_1_174' title='bbox 909 2972 1012 3010; x_wconf 90' lang='lat' dir='ltr'>vocem</span> <span class='ocrx_word' id='word_1_175' title='bbox 1035 2973 1131 3011; x_wconf 88' lang='lat' dir='ltr'>meam</span> <span class='ocrx_word' id='word_1_176' title='bbox 1155 2956 1194 3012; x_wconf 90' lang='lat' dir='ltr'>ab</span> <span class='ocrx_word' id='word_1_177' title='bbox 1217 2954 1267 3012; x_wconf 89' lang='lat' dir='ltr'>his</span> <span class='ocrx_word' id='word_1_178' title='bbox 1290 2954 1340 3032; x_wconf 88' lang='lat' dir='ltr'>qui</span> 
     </span>
     <span class='ocr_line' id='line_1_32' title="bbox 134 3031 469 3107; baseline 0 -19"><span class='ocrx_word' id='word_1_179' title='bbox 134 3031 375 3107; x_wconf 88' lang='lat' dir='ltr'>appropinquant</span> <span class='ocrx_word' id='word_1_180' title='bbox 389 3031 469 3088; x_wconf 79' lang='lat' dir='ltr'>mihi</span> 
     </span>
    </p>

    <p class='ocr_par' dir='ltr' id='par_1_22' title="bbox 193 3111 886 3190">
     <span class='ocr_line' id='line_1_33' title="bbox 193 3111 886 3190; baseline -0.004 -19"><span class='ocrx_word' id='word_1_181' title='bbox 193 3111 361 3171; x_wconf 78' lang='lat' dir='ltr'>Secundum</span> <span class='ocrx_word' id='word_1_182' title='bbox 375 3112 550 3170; x_wconf 83' lang='lat' dir='ltr'>Muttlaaeaana</span> <span class='ocrx_word' id='word_1_183' title='bbox 564 3113 662 3189; x_wconf 74' lang='lat' dir='ltr'>(anniti.</span> <span class='ocrx_word' id='word_1_184' title='bbox 682 3112 776 3190; x_wconf 82' lang='lat'>1-12).</span> <span class='ocrx_word' id='word_1_185' title='bbox 882 3163 886 3169; x_wconf 89' lang='lat'><em>.</em></span> 
     </span>
    </p>

    <p class='ocr_par' dir='ltr' id='par_1_23' title="bbox 134 3193 1341 3494">
     <span class='ocr_line' id='line_1_34' title="bbox 194 3193 1339 3272; baseline 0.005 -22"><span class='ocrx_word' id='word_1_186' title='bbox 194 3193 234 3250; x_wconf 91' lang='lat' dir='ltr'>In</span> <span class='ocrx_word' id='word_1_187' title='bbox 247 3193 300 3250; x_wconf 92' lang='lat' dir='ltr'>illo</span> <span class='ocrx_word' id='word_1_188' title='bbox 313 3198 453 3268; x_wconf 89' lang='lat' dir='ltr'>tempore,</span> <span class='ocrx_word' id='word_1_189' title='bbox 469 3193 600 3250; x_wconf 88' lang='lat' dir='ltr'>Locutus</span> <span class='ocrx_word' id='word_1_190' title='bbox 621 3201 665 3251; x_wconf 90' lang='lat' dir='ltr'>est</span> <span class='ocrx_word' id='word_1_191' title='bbox 684 3193 705 3251; x_wconf 86' lang='lat' dir='ltr'><strong>J</strong></span> <span class='ocrx_word' id='word_1_192' title='bbox 707 3213 773 3252; x_wconf 86' lang='lat' dir='ltr'>esus</span> <span class='ocrx_word' id='word_1_193' title='bbox 793 3195 831 3252; x_wconf 89' lang='lat' dir='ltr'>ad</span> <span class='ocrx_word' id='word_1_194' title='bbox 851 3195 954 3252; x_wconf 88' lang='lat' dir='ltr'>turbas</span> <span class='ocrx_word' id='word_1_195' title='bbox 975 3200 1006 3253; x_wconf 90' lang='lat' dir='ltr'>et</span> <span class='ocrx_word' id='word_1_196' title='bbox 1026 3196 1064 3252; x_wconf 91' lang='lat' dir='ltr'>ad</span> <span class='ocrx_word' id='word_1_197' title='bbox 1085 3195 1245 3272; x_wconf 88' lang='lat' dir='ltr'>discipulos</span> <span class='ocrx_word' id='word_1_198' title='bbox 1266 3216 1339 3270; x_wconf 86' lang='lat' dir='ltr'>suos,</span> 
     </span>
     <span class='ocr_line' id='line_1_35' title="bbox 134 3273 1341 3354; baseline 0.006 -24"><span class='ocrx_word' id='word_1_199' title='bbox 134 3275 233 3331; x_wconf 90' lang='lat' dir='ltr'>dicens</span> <span class='ocrx_word' id='word_1_200' title='bbox 243 3294 252 3345; x_wconf 77' lang='lat'>3</span> <span class='ocrx_word' id='word_1_201' title='bbox 273 3273 367 3349; x_wconf 84' lang='lat' dir='ltr'>Super</span> <span class='ocrx_word' id='word_1_202' title='bbox 380 3273 549 3331; x_wconf 88' lang='lat' dir='ltr'>cathedram</span> <span class='ocrx_word' id='word_1_203' title='bbox 570 3274 670 3351; x_wconf 89' lang='lat' dir='ltr'>Moysi</span> <span class='ocrx_word' id='word_1_204' title='bbox 690 3275 830 3332; x_wconf 89' lang='lat' dir='ltr'>sederunt</span> <span class='ocrx_word' id='word_1_205' title='bbox 851 3276 953 3333; x_wconf 87' lang='lat' dir='ltr'>scribae</span> <span class='ocrx_word' id='word_1_206' title='bbox 975 3284 1006 3334; x_wconf 89' lang='lat' dir='ltr'>et</span> <span class='ocrx_word' id='word_1_207' title='bbox 1026 3277 1170 3335; x_wconf 87' lang='lat' dir='ltr'>Pharisaei</span> <span class='ocrx_word' id='word_1_208' title='bbox 1190 3299 1283 3354; x_wconf 75' lang='lat' dir='ltr'>usqae</span> <span class='ocrx_word' id='word_1_209' title='bbox 1303 3279 1341 3336; x_wconf 85' lang='lat' dir='ltr'>od</span> 
     </span>
     <span class='ocr_line' id='line_1_36' title="bbox 136 3355 1341 3433; baseline 0.006 -22"><span class='ocrx_word' id='word_1_210' title='bbox 136 3355 195 3425; x_wconf 80' lang='lat' dir='ltr'>Qui</span> <span class='ocrx_word' id='word_1_211' title='bbox 215 3360 315 3412; x_wconf 88' lang='lat' dir='ltr'>autem</span> <span class='ocrx_word' id='word_1_212' title='bbox 333 3373 364 3411; x_wconf 91' lang='lat' dir='ltr'>se</span> <span class='ocrx_word' id='word_1_213' title='bbox 384 3355 569 3428; x_wconf 88' lang='lat' dir='ltr'>exaltaverit,</span> <span class='ocrx_word' id='word_1_214' title='bbox 585 3355 808 3414; x_wconf 89' lang='lat' dir='ltr'>humiliabitur:</span> <span class='ocrx_word' id='word_1_215' title='bbox 834 3357 935 3433; x_wconf 89' lang='lat' dir='ltr'>etqui</span> <span class='ocrx_word' id='word_1_216' title='bbox 954 3377 985 3415; x_wconf 88' lang='lat' dir='ltr'>sc</span> <span class='ocrx_word' id='word_1_217' title='bbox 1002 3357 1216 3432; x_wconf 86' lang='lat' dir='ltr'>humiliaverit,</span> <span class='ocrx_word' id='word_1_218' title='bbox 1231 3360 1341 3418; x_wconf 85' lang='lat' dir='ltr'>exalta·</span> 
     </span>
     <span class='ocr_line' id='line_1_37' title="bbox 134 3437 224 3494; baseline -0.022 0"><span class='ocrx_word' id='word_1_219' title='bbox 134 3437 224 3494; x_wconf 88' lang='lat' dir='ltr'>bitur.</span> 
     </span>
    </p>

    <p class='ocr_par' dir='ltr' id='par_1_24' title="bbox 197 3516 394 3589">
     <span class='ocr_line' id='line_1_38' title="bbox 197 3516 394 3589; baseline -0.036 -14"><span class='ocrx_word' id='word_1_220' title='bbox 197 3516 394 3589; x_wconf 57' lang='lat' dir='ltr'>offertorium,</span> 
     </span>
    </p>

    <p class='ocr_par' dir='ltr' id='par_1_25' title="bbox 135 3597 1341 3754">
     <span class='ocr_line' id='line_1_39' title="bbox 195 3597 1341 3676; baseline 0.008 -23"><span class='ocrx_word' id='word_1_221' title='bbox 195 3597 338 3654; x_wconf 88' lang='lat' dir='ltr'>Miserere</span> <span class='ocrx_word' id='word_1_222' title='bbox 366 3597 449 3669; x_wconf 89' lang='lat' dir='ltr'>mihi,</span> <span class='ocrx_word' id='word_1_223' title='bbox 476 3598 612 3670; x_wconf 91' lang='lat' dir='ltr'>Domine,</span> <span class='ocrx_word' id='word_1_224' title='bbox 639 3598 799 3656; x_wconf 87' lang='lat' dir='ltr'>secundum</span> <span class='ocrx_word' id='word_1_225' title='bbox 822 3619 960 3676; x_wconf 87' lang='lat' dir='ltr'>magnam</span> <span class='ocrx_word' id='word_1_226' title='bbox 983 3600 1215 3659; x_wconf 83' lang='lat' dir='ltr'>misericordiam</span> <span class='ocrx_word' id='word_1_227' title='bbox 1240 3607 1341 3662; x_wconf 83' lang='lat' dir='ltr'>tuam:</span> 
     </span>
     <span class='ocr_line' id='line_1_40' title="bbox 135 3677 679 3754; baseline 0.006 -20"><span class='ocrx_word' id='word_1_228' title='bbox 135 3677 209 3749; x_wconf 92' lang='lat' dir='ltr'>dele,</span> <span class='ocrx_word' id='word_1_229' title='bbox 224 3678 359 3750; x_wconf 90' lang='lat' dir='ltr'>Domine,</span> <span class='ocrx_word' id='word_1_230' title='bbox 373 3677 564 3754; x_wconf 86' lang='lat' dir='ltr'>iniquitatem</span> <span class='ocrx_word' id='word_1_231' title='bbox 578 3698 679 3736; x_wconf 86' lang='lat' dir='ltr'>meam</span> 
     </span>
    </p>

    <p class='ocr_par' dir='ltr' id='par_1_26' title="bbox 197 3758 317 3816">
     <span class='ocr_line' id='line_1_41' title="bbox 197 3758 317 3816; baseline -0.017 0"><span class='ocrx_word' id='word_1_232' title='bbox 197 3758 317 3816; x_wconf 78' lang='lat' dir='ltr'>Secreto.</span> 
     </span>
    </p>

    <p class='ocr_par' dir='ltr' id='par_1_27' title="bbox 197 3838 1343 3923">
     <span class='ocr_line' id='line_1_42' title="bbox 197 3838 1343 3923; baseline 0.009 -29"><span class='ocrx_word' id='word_1_233' title='bbox 197 3838 466 3897; x_wconf 70' lang='lat' dir='ltr'>sanctificationem</span> <span class='ocrx_word' id='word_1_234' title='bbox 480 3846 563 3897; x_wconf 89' lang='lat' dir='ltr'>tuam</span> <span class='ocrx_word' id='word_1_235' title='bbox 577 3840 670 3912; x_wconf 91' lang='lat' dir='ltr'>nobis,</span> <span class='ocrx_word' id='word_1_236' title='bbox 686 3841 821 3915; x_wconf 90' lang='lat' dir='ltr'>Domine,</span> <span class='ocrx_word' id='word_1_237' title='bbox 837 3841 884 3899; x_wconf 90' lang='lat' dir='ltr'>his</span> <span class='ocrx_word' id='word_1_238' title='bbox 897 3843 1045 3918; x_wconf 89' lang='lat' dir='ltr'>mysteriis</span> <span class='ocrx_word' id='word_1_239' title='bbox 1065 3843 1199 3920; x_wconf 87' lang='lat' dir='ltr'>placatus</span> <span class='ocrx_word' id='word_1_240' title='bbox 1213 3865 1343 3923; x_wconf 87' lang='lat' dir='ltr'>operare,</span> 
     </span>
    </p>
   </div>
   <div class='ocr_carea' id='block_1_4' title="bbox 136 3920 1342 4056">
    <p class='ocr_par' dir='ltr' id='par_1_28' title="bbox 136 3920 1342 4056">
     <span class='ocr_line' id='line_1_43' title="bbox 136 3920 1342 4056; baseline 0.009 -82"><span class='ocrx_word' id='word_1_241' title='bbox 136 3938 202 4056; x_wconf 41' lang='grc' dir='ltr'>(ἔξω</span> <span class='ocrx_word' id='word_1_242' title='bbox 216 3938 269 4010; x_wconf 83' lang='lat' dir='ltr'>nos</span> <span class='ocrx_word' id='word_1_243' title='bbox 284 3925 314 3975; x_wconf 88' lang='lat' dir='ltr'>et</span> <span class='ocrx_word' id='word_1_244' title='bbox 327 3939 345 3975; x_wconf 90' lang='lat' dir='ltr'>a</span> <span class='ocrx_word' id='word_1_245' title='bbox 358 3920 482 3978; x_wconf 90' lang='lat' dir='ltr'>terrenii</span> <span class='ocrx_word' id='word_1_246' title='bbox 494 3927 600 3997; x_wconf 88' lang='lat' dir='ltr'>purget</span> <span class='ocrx_word' id='word_1_247' title='bbox 614 3921 697 3979; x_wconf 87' lang='lat' dir='ltr'>vitiis</span> <span class='ocrx_word' id='word_1_248' title='bbox 714 3927 744 3980; x_wconf 88' lang='lat' dir='ltr'>et</span> <span class='ocrx_word' id='word_1_249' title='bbox 764 3922 802 3979; x_wconf 89' lang='lat' dir='ltr'>ad</span> <span class='ocrx_word' id='word_1_250' title='bbox 826 3923 953 3981; x_wconf 87' lang='lat' dir='ltr'>caelestia</span> <span class='ocrx_word' id='word_1_251' title='bbox 974 3943 1065 4001; x_wconf 86' lang='lat' dir='ltr'>regna</span> <span class='ocrx_word' id='word_1_252' title='bbox 1085 3925 1238 4002; x_wconf 88' lang='lat' dir='ltr'>perducat.</span> <span class='ocrx_word' id='word_1_253' title='bbox 1283 3927 1342 3985; x_wconf 89' lang='lat' dir='ltr'>Per</span> 
     </span>
     <span class='ocr_line' id='line_1_44' title="bbox 169 4018 309 4056; baseline 0.007 -1"><span class='ocrx_word' id='word_1_254' title='bbox 169 4018 309 4056; x_wconf 79' lang='lat' dir='ltr'>ominum.</span> 
     </span>
    </p>
   </div>
   <div class='ocr_carea' id='block_1_5' title="bbox 200 4078 380 4137">
    <p class='ocr_par' dir='ltr' id='par_1_29' title="bbox 200 4078 380 4137">
     <span class='ocr_line' id='line_1_45' title="bbox 200 4078 380 4137; baseline 0.006 -1"><span class='ocrx_word' id='word_1_255' title='bbox 200 4078 380 4137; x_wconf 79' lang='lat' dir='ltr'>Communia.</span> 
     </span>
    </p>
   </div>
   <div class='ocr_carea' id='block_1_6' title="bbox 138 4159 1345 4312">
    <p class='ocr_par' dir='ltr' id='par_1_30' title="bbox 138 4159 1345 4312">
     <span class='ocr_line' id='line_1_46' title="bbox 198 4159 1345 4246; baseline 0.013 -32"><span class='ocrx_word' id='word_1_256' title='bbox 198 4159 335 4216; x_wconf 86' lang='lat' dir='ltr'>Narrabo</span> <span class='ocrx_word' id='word_1_257' title='bbox 356 4162 455 4218; x_wconf 90' lang='lat' dir='ltr'>omnia</span> <span class='ocrx_word' id='word_1_258' title='bbox 475 4163 623 4221; x_wconf 86' lang='lat' dir='ltr'>mirabilia</span> <span class='ocrx_word' id='word_1_259' title='bbox 643 4169 713 4222; x_wconf 88' lang='lat' dir='ltr'>tua:</span> <span class='ocrx_word' id='word_1_260' title='bbox 741 4164 863 4222; x_wconf 84' lang='lat' dir='ltr'>laetabor</span> <span class='ocrx_word' id='word_1_261' title='bbox 884 4171 914 4224; x_wconf 88' lang='lat' dir='ltr'>et</span> <span class='ocrx_word' id='word_1_262' title='bbox 932 4166 1072 4226; x_wconf 86' lang='lat' dir='ltr'>exultabo</span> <span class='ocrx_word' id='word_1_263' title='bbox 1092 4168 1125 4226; x_wconf 91' lang='lat' dir='ltr'>in</span> <span class='ocrx_word' id='word_1_264' title='bbox 1145 4174 1176 4227; x_wconf 90' lang='lat' dir='ltr'>te</span> <span class='ocrx_word' id='word_1_265' title='bbox 1186 4188 1195 4242; x_wconf 89' lang='lat'>;</span> <span class='ocrx_word' id='word_1_266' title='bbox 1218 4170 1345 4246; x_wconf 83' lang='lat' dir='ltr'>psallam</span> 
     </span>
     <span class='ocr_line' id='line_1_47' title="bbox 138 4240 503 4312; baseline 0.014 -16"><span class='ocrx_word' id='word_1_267' title='bbox 138 4240 251 4297; x_wconf 90' lang='lat' dir='ltr'>nomini</span> <span class='ocrx_word' id='word_1_268' title='bbox 265 4247 326 4312; x_wconf 90' lang='lat' dir='ltr'>tuo,</span> <span class='ocrx_word' id='word_1_269' title='bbox 341 4241 503 4301; x_wconf 88' lang='lat' dir='ltr'>Altissime.</span> 
     </span>
    </p>
   </div>
   <div class='ocr_carea' id='block_1_7' title="bbox 199 4321 439 4379">
    <p class='ocr_par' dir='ltr' id='par_1_31' title="bbox 199 4321 439 4379">
     <span class='ocr_line' id='line_1_48' title="bbox 199 4321 439 4379; baseline 0.013 -3"><span class='ocrx_word' id='word_1_270' title='bbox 199 4321 439 4379; x_wconf 79' lang='lat' dir='ltr'>Poatcomnaaanio.</span> 
     </span>
    </p>
   </div>
   <div class='ocr_carea' id='block_1_8' title="bbox 137 4400 1346 4555">
    <p class='ocr_par' dir='ltr' id='par_1_32' title="bbox 137 4400 1346 4555">
     <span class='ocr_line' id='line_1_49' title="bbox 199 4400 1346 4492; baseline 0.011 -33"><span class='ocrx_word' id='word_1_271' title='bbox 199 4400 247 4459; x_wconf 89' lang='lat' dir='ltr'>Ut</span> <span class='ocrx_word' id='word_1_272' title='bbox 269 4403 365 4473; x_wconf 87' lang='lat' dir='ltr'>sacris,</span> <span class='ocrx_word' id='word_1_273' title='bbox 390 4403 526 4476; x_wconf 90' lang='lat' dir='ltr'>Domine,</span> <span class='ocrx_word' id='word_1_274' title='bbox 550 4406 708 4465; x_wconf 88' lang='lat' dir='ltr'>reddamur</span> <span class='ocrx_word' id='word_1_275' title='bbox 729 4407 812 4485; x_wconf 84' lang='lat' dir='ltr'>digni</span> <span class='ocrx_word' id='word_1_276' title='bbox 834 4410 1014 4486; x_wconf 89' lang='lat' dir='ltr'>muneribus,</span> <span class='ocrx_word' id='word_1_277' title='bbox 1037 4410 1083 4470; x_wconf 84' lang='lat' dir='ltr'>fac</span> <span class='ocrx_word' id='word_1_278' title='bbox 1104 4431 1160 4472; x_wconf 89' lang='lat' dir='ltr'>nos</span> <span class='ocrx_word' id='word_1_279' title='bbox 1181 4413 1252 4487; x_wconf 89' lang='lat' dir='ltr'>tuis,</span> <span class='ocrx_word' id='word_1_280' title='bbox 1269 4433 1346 4492; x_wconf 87' lang='lat' dir='ltr'>quae-</span> 
     </span>
     <span class='ocr_line' id='line_1_50' title="bbox 137 4482 841 4555; baseline 0.011 -16"><span class='ocrx_word' id='word_1_281' title='bbox 137 4500 246 4555; x_wconf 71' lang='lat' dir='ltr'>sumis,</span> <span class='ocrx_word' id='word_1_282' title='bbox 262 4482 380 4541; x_wconf 90' lang='lat' dir='ltr'>obedire</span> <span class='ocrx_word' id='word_1_283' title='bbox 394 4485 548 4544; x_wconf 87' lang='lat' dir='ltr'>mandatis.</span> <span class='ocrx_word' id='word_1_284' title='bbox 593 4488 652 4545; x_wconf 88' lang='lat' dir='ltr'>Per</span> <span class='ocrx_word' id='word_1_285' title='bbox 669 4489 841 4548; x_wconf 91' lang='lat' dir='ltr'>Dominum.</span> 
     </span>
    </p>
   </div>
   <div class='ocr_carea' id='block_1_9' title="bbox 0 0 1480 4996">
    <p class='ocr_par' dir='ltr' id='par_1_33' title="bbox 0 0 1480 4996">
     <span class='ocr_line' id='line_1_51' title="bbox 0 0 1480 4996; baseline 0 0"><span class='ocrx_word' id='word_1_286' title='bbox 0 0 1480 4996; x_wconf 95' lang='lat' dir='ltr'> </span> 
     </span>
    </p>
   </div>
  </div>
 </body>
</html>
