2926 4996
105 373 108 379 ,
208 315 249 376 96
612 307 716 373 Faria
729 329 757 372 r.
772 307 816 373 irc
828 306 884 372 die
900 307 1000 373 Ocres.

267 477 349 535 Deus
362 477 535 548 misericors,
551 476 633 533 Deus
647 475 782 547 clemens,
797 475 849 551 qui
865 475 1026 532 secundum
1045 473 1273 533 multitudinem
1292 475 1407 535 misem

205 560 323 617 tionum
341 564 461 615 tuarum
479 563 598 634 peccata
614 556 851 632 delinquentium
868 557 956 627 deles,
970 562 1002 613 et
1018 556 1239 633 praeteritorum
1253 555 1407 615 criminum

206 640 306 716 culpas
328 639 415 696 venia
435 637 615 695 remissionis
639 657 781 710 evacuas3
810 637 920 714 respice
943 656 1032 713 super
1057 637 1111 694 hos
1131 636 1260 695 famulos
1285 642 1360 711 tuos,
1379 644 1407 697 et

206 721 406 778 remissionem
429 719 486 776 sibi
510 719 642 776 omnium
666 724 852 794 peccatorum
875 737 996 775 suorum
1024 723 1089 775 tota
1112 718 1207 776 cordis
1231 719 1406 778 confessione

206 808 357 878 poscentes
377 801 548 876 depressius
568 799 683 857 exaudi.
727 799 852 856 Renoua
872 800 905 856 in
929 799 979 870 eis,
1001 799 1131 874 piissime
1148 799 1250 872 Pater,
1271 800 1407 877 quicquid
1435 808 1438 813 ’

206 890 324 940 terrens
337 882 500 958 fragilitate
513 886 695 956 corruptum,
705 879 754 937 vel
767 880 909 956 quicquid
922 880 1067 937 diabolica
1078 880 1182 938 fraude
1196 881 1346 939 violatum
1354 887 1403 954 est,

207 970 238 1022 ct
268 964 301 1021 in
328 964 445 1020 unitate
473 962 601 1038 corporis
629 961 766 1018 Ecclesiae
794 967 853 1018 tuac
883 961 1048 1018 membrum
1079 961 1209 1037 perfecta
1240 963 1406 1021 remissione

206 1045 337 1103 restitue.
380 1044 529 1115 Miserere,
557 1043 693 1112 Domine,
716 1041 889 1118 gemituum,
912 1042 1049 1099 miserere
1073 1042 1274 1115 lacrimarum,
1296 1047 1329 1101 et
1351 1062 1406 1101 non

206 1126 347 1183 hebentes
367 1124 504 1180 fiduciam
524 1123 582 1179 nisi
603 1123 635 1178 in
655 1128 709 1179 tua
728 1122 927 1179 misericordia
947 1123 985 1180 sd
1005 1130 1222 1181 sacramentum
1242 1124 1405 1182 reconcilia·

207 1207 297 1264 tionis
312 1205 443 1262 admitte.
487 1203 547 1261 Per
561 1203 713 1261 Ghristum
728 1203 892 1260 Dominum
905 1209 1047 1263 nostrum.
1090 1206 1199 1262 Amen.

269 1286 379 1343 Oratio.

266 1367 456 1442 Mejestatem
469 1371 562 1436 tuam,
579 1365 715 1437 Domine,
731 1364 876 1441 supplices
889 1365 1088 1440 deprecamur,
1103 1366 1200 1424 uthis
1216 1366 1339 1424 famulis
1351 1367 1404 1424 tuis

205 1448 293 1524 longo
320 1447 454 1522 squalore
476 1447 656 1522 paenitentiae
678 1447 832 1503 maceratis
859 1447 1056 1503 miserationis
1078 1453 1138 1504 tuae
1165 1448 1287 1505 veniam
1311 1448 1404 1525 largiri

207 1529 345 1606 digneris,
356 1536 391 1584 ut
400 1527 530 1602 nuptiali
539 1533 621 1585 veste
632 1534 750 1602 recepta
759 1528 797 1585 sd
807 1527 934 1604 regalem
944 1546 1084 1600 mensam,
1094 1528 1174 1586 unde
1185 1529 1274 1604 ejecti
1283 1528 1403 1599 fuerant,

207 1615 377 1668 mereantur
390 1609 521 1666 introire.
565 1608 623 1666 Per
637 1608 809 1666 Dominum.

267 1690 423 1747 Absolutis

268 1771 415 1828 Dominus
428 1771 449 1828 J
451 1790 517 1827 esus
532 1770 674 1842 Christus,
690 1771 742 1846 qui
762 1770 914 1845 discipulis
934 1771 994 1828 suis
1014 1770 1111 1827 dixit:
1136 1770 1330 1848 Qiiaecunque
1343 1771 1405 1849 liga

207 1852 311 1908 veritis
328 1871 416 1927 super
435 1857 551 1920 terram,
572 1857 660 1908 crunt
678 1851 769 1928 ligata
787 1857 817 1908 et
834 1852 868 1908 in
888 1852 966 1909 caelis
976 1872 984 1924 ;
1005 1858 1035 1909 et
1055 1870 1240 1929 quaecunque
1264 1853 1404 1911 solveritis

208 1939 427 2008 superterram,
445 1938 532 1989 erunt
553 1932 649 1988 soluta
669 1939 699 1989 et
719 1933 751 1989 in
772 1933 864 1989 caelis:
887 1933 923 1990 de
937 1952 1063 2008 quorum
1076 1952 1200 1990 numero
1215 1934 1353 2010 quamvis
1366 1952 1406 1991 me

137 2072 142 2081 ,
206 2014 370 2090 indignum,
383 2022 414 2070 et
431 2019 620 2089 peccatorem,
633 2013 802 2069 ministrum
816 2020 916 2070 tamen
929 2033 990 2071 csse
1003 2014 1118 2086 voluit;
1139 2014 1202 2091 ipse
1212 2034 1266 2072 vos
1279 2015 1407 2073 absolvat

207 2114 260 2170 per
273 2095 471 2152 ministerium
485 2100 618 2150 nostrum
633 2095 670 2151 ab
684 2094 820 2151 omnibus
833 2094 963 2170 peccatis¹
973 2095 1087 2168 vestris,
1103 2114 1290 2172 quaecunque
1306 2096 1407 2173 cogite

207 2176 296 2244 tione,
312 2182 365 2232 aut
381 2175 538 2248 locutione,
554 2181 607 2232 aut
627 2175 796 2250 operatione
816 2175 923 2251 egistis,
939 2182 1028 2251 atque
1047 2196 1065 2232 a
1078 2176 1204 2233 vinculis
1226 2183 1407 2254 peccatorum

205 2263 371 2313 vestrorum
392 2256 540 2313 absolutos
561 2256 719 2331 perducere
741 2255 880 2332 dignetur
901 2257 939 2312 ad
959 2276 1049 2331 regna
1069 2257 1215 2314 caelorum.
1263 2258 1325 2328 Qui
1347 2276 1407 2315 cum

208 2337 298 2395 Patre
312 2344 343 2395 et
358 2338 472 2414 Spiritu
486 2337 595 2395 Sancto
608 2337 686 2393 vivit
700 2343 730 2394 et
743 2343 848 2414 regnat
863 2337 952 2395 Deus.
990 2337 1048 2395 Per
1062 2338 1161 2395 omnia
1174 2339 1283 2396 saecula
1297 2339 1408 2397 saeculc

208 2438 282 2475 rum.
326 2419 434 2475 Amen.
1399 2438 1402 2453 ·

270 2499 379 2557 Oratio

267 2579 445 2637 Misereatur
464 2578 558 2636 vestri
577 2579 763 2654 omnipotens
777 2579 868 2652 Deus,
884 2585 915 2636 et
928 2579 1062 2637 dimittat
1075 2581 1159 2638 vobis
1173 2581 1275 2639 omnia
1294 2586 1409 2660 peccate

206 2666 312 2731 vestra,
329 2667 359 2717 et
372 2660 513 2735 perducat
526 2679 579 2716 ros
593 2660 630 2717 ad
644 2660 738 2716 vitam
752 2667 901 2718 aeternam.

270 2741 425 2800 Absolutio.

268 2821 494 2878 Absolutionem
515 2826 547 2878 et
566 2819 766 2879 remissionem
787 2822 920 2880 omnium
939 2828 1125 2900 peccatorum
1138 2830 1307 2884 vestrorum
1326 2823 1411 2903 peroi-

208 2921 277 2978 pere
290 2902 463 2959 mereamini
476 2901 525 2958 hic
538 2908 569 2959 et
582 2902 614 2958 in
627 2908 777 2960 aeternum.

270 3319 341 3375 Post
354 3318 413 3375 liceo
427 3315 550 3398 [carnotis
563 3318 715 3395 componis
728 3318 1003 3378 sonantibus-MS.
1020 3319 1070 3400 la]
1088 3320 1254 3396 incipiatur
1266 3323 1371 3382 Misso.
1395 3320 1401 3333 ’

271 3399 295 3456 0
314 3400 410 3457 icium.

268 3401 332 3538 Nis
352 3489 452 3538 autem
473 3481 594 3557 gloriari
614 3487 730 3558 oportet
749 3481 783 3538 in
803 3501 887 3539 cruce
908 3481 1032 3538 Domini
1051 3482 1147 3539 nostri
1160 3482 1183 3541 J
1183 3502 1237 3541 esu
1251 3483 1373 3557 Christi,
1386 3492 1410 3544 et

209 3569 307 3632 cetero,
323 3570 358 3618 ut
371 3582 462 3637 supro
475 3563 509 3618 iri
523 3561 552 3619 F
551 3563 613 3618 erio
626 3563 718 3620 tertio.
1109 3625 1112 3630 ¹

268 3641 431 3700 lProclotus
441 3663 504 3700 uero
518 3643 552 3700 iri
565 3643 730 3701 revestiario
735 3642 840 3717 festive
849 3652 985 3718 paratus,
998 3662 1064 3700 oum
1073 3644 1227 3702 duodecim
1236 3645 1411 3723 Presbyteri

209 3724 355 3794 caruistis,
377 3733 402 3781 et
423 3733 526 3799 septem
539 3722 719 3782 Diocoriibus
732 3733 758 3782 et
771 3725 888 3782 totidem
900 3723 1132 3783 Subdidcorridss
1152 3746 1220 3783 cum
1236 3727 1412 3787 Dalmaticis

209 3813 235 3860 et
246 3805 368 3862 Punicis
376 3804 481 3879 festiue
492 3805 612 3876 indutis,
622 3813 648 3862 et
659 3805 831 3880 Tituriferis,
845 3815 871 3862 et
882 3804 1080 3879 Cerraferoriis,
1090 3807 1131 3862 od
1141 3805 1244 3865 Altare
1254 3810 1411 3867 secundum

208 3886 286 3958 quod
297 3886 467 3943 ordinatum
478 3886 540 3956 erit,
549 3886 659 3960 incepto
671 3886 773 3943 Gloria
783 3885 875 3956 Patri,
890 3886 1015 3943 introeat
1021 3905 1030 3957 ;
1053 3895 1078 3943 et
1092 3887 1168 3944 dicto
1179 3887 1279 3964 Kyrie
1288 3890 1410 3967 eleyson,

208 3964 354 4023 Praelotus
367 3966 490 4042 incipiat
505 3966 607 4024 Gloria
620 3967 652 4022 in
666 3967 794 4024 excelsis.
839 3966 924 4036 Quod
944 3969 1016 4024 dum
1036 3968 1162 4039 canitur,
1185 3969 1413 4048 classicumpsl·

207 4053 292 4101 satier.
336 4048 483 4105 Proelotus
496 4048 594 4106 diost:
615 4047 680 4104 Pax
693 4048 785 4104 vobis.
829 4048 870 4104 Et
884 4067 951 4104 cum
965 4048 1072 4124 spiritu
1085 4054 1145 4106 tuo.

269 4122 322 4204 [Iri
335 4127 455 4184 ecclesiis
468 4129 661 4200 romanibus,
678 4128 743 4185 MS.
760 4127 811 4208 D]
832 4128 970 4186 Sacerdos
983 4129 1071 4201 diem,
1085 4129 1235 4188 Dominus
1248 4133 1409 4192 vobiscum

207 4204 340 4263 Sedasa
360 4207 476 4265 dicotur
496 4210 663 4267 Flectamus
677 4229 780 4286 genua,
799 4229 848 4266 rreo
863 4209 963 4267 Gloria
976 4210 1009 4266 in
1022 4211 1152 4283 excelsis,
1166 4231 1219 4269 uec
1236 4212 1343 4288 Gredo,
1364 4233 1415 4273 uer

207 4286 313 4362 Agnus
332 4287 397 4360 Dei,
413 4309 464 4346 roeo
485 4290 541 4361 lte,
556 4292 645 4347 missa
658 4297 711 4363 est,
726 4291 786 4348 nisi
803 4291 837 4348 ire
854 4291 971 4349 matrici
988 4291 1123 4363 aarum,
1139 4292 1191 4350 oti
1203 4295 1415 4369 poenitentium

199 4366 240 4442 fit
256 4368 450 4427 reconciliatio
464 4378 488 4425 et
504 4370 679 4429 Cirismatis
693 4373 871 4430 consecratio.

206 4486 209 4491 ·
265 4471 279 4495 ¹*
298 4471 370 4517 MSS.
382 4472 409 4516 B.
421 4473 468 4517 and
479 4472 505 4520 O.
518 4473 576 4520 omit
586 4475 635 4521 this
645 4475 734 4536 rubrio,
743 4476 791 4522 and
807 4489 838 4535 go
854 4490 885 4522 on
901 4490 927 4524 ss
945 4475 984 4524 the
1001 4477 1083 4525 rubrio
1098 4477 1262 4541 immediately
1272 4480 1413 4540 following;

205 4530 316 4577 Soandos
331 4531 400 4591 dicat,
415 4532 455 4579 riso.
