2926 4996
525 347 684 415 Fertual.
700 349 743 414 ln
757 349 944 416 Parasceue.
1269 353 1332 415 105

197 516 305 576 Oratae.

195 597 320 655 Oramus
333 601 364 654 et
377 615 431 673 pro
445 595 590 674 Paganis;
617 603 654 655 ut
671 596 753 655 Deus
766 598 951 674 omnipotens
963 596 1079 656 auferat
1094 596 1285 675 iniquitatem
1298 598 1335 656 de

133 677 270 737 cordibus
287 696 404 750 eorum3
427 683 462 735 ut
475 678 585 735 relictis
598 678 685 735 idolis
703 679 773 750 suis,
789 685 1000 737 convertantur
1017 679 1055 737 ad
1068 678 1167 737 Deum
1186 679 1289 736 vivum
1304 683 1335 736 et

132 779 247 832 verum,
272 765 302 817 et
323 759 445 816 unicum
470 758 583 816 Filium
606 759 669 835 ejus
694 758 717 817 J
719 779 800 817 esum
823 760 974 818 Christum
997 760 1096 818 Deum
1118 767 1148 818 et
1170 759 1334 818 Dominum

131 846 277 897 nostrum.
330 838 406 897 (lum
429 858 488 917 quo
511 840 589 898 vivit
611 847 643 897 et
664 848 768 917 regnat
789 860 857 898 oum
879 841 994 919 Spiritu
1011 841 1119 902 Sancto
1136 841 1226 899 Deus.
1276 839 1335 897 Per

133 921 235 978 omnia
248 920 352 978 sacoma
365 920 547 979 saewlorum.
573 921 682 978 Amen.

195 1001 327 1060 Oremus.
370 1001 528 1060 Diaconua
570 1001 738 1060 Flectamus
750 1021 854 1080 genua

197 1082 306 1140 Oratus
493 1126 498 1139 .

194 1162 389 1238 Omnipotens
410 1162 586 1239 sempiterne
608 1163 700 1238 Deus,
714 1163 767 1241 qui
788 1183 849 1221 non
869 1164 915 1221 vis
933 1168 1058 1222 mortem
1075 1167 1269 1240 peccatorum,
1283 1160 1334 1218 sed

132 1243 228 1301 vitam
249 1262 363 1319 semper
381 1243 517 1319 inquiris,
534 1245 647 1322 suscipe
664 1245 810 1322 propitius
827 1246 990 1302 orationem
1010 1250 1162 1316 nostram3
1190 1248 1221 1301 et
1241 1241 1334 1299 libera

132 1341 183 1381 eos
203 1323 241 1380 ab
260 1324 406 1382 idolorum
430 1324 553 1397 cultura,
572 1331 603 1383 et
624 1346 749 1402 aggrega
765 1325 905 1384 Ecclesiae
918 1330 980 1386 tuae
993 1330 1104 1384 sanctes
1116 1324 1155 1382 ad
1173 1323 1290 1382 laudem
1304 1328 1335 1380 et

132 1403 258 1482 gloriam
271 1404 399 1463 nominis
412 1404 465 1463 tui
509 1405 568 1464 Per
581 1406 745 1463 Dominum
757 1403 901 1464 nostrum.

193 1483 400 1544 *Orationibus
414 1486 563 1562 conpletis,
578 1487 725 1544 Parelatus
738 1496 764 1545 et
777 1485 813 1542 M
813 1487 921 1559 inistn',
936 1486 970 1545 e'n
982 1486 1146 1545 reaestrarto
1160 1483 1334 1557 discalceati,

132 1565 167 1622 in
180 1564 265 1624 Albis
278 1575 402 1638 tanturn
416 1569 576 1642 procedant
593 1587 679 1642 super
697 1576 793 1642 tapeta
806 1577 907 1639 strata,
923 1576 949 1626 et
962 1569 996 1625 e'n
1009 1568 1136 1625 australi
1143 1575 1230 1643 parte
1244 1564 1335 1624 Ultori

131 1647 249 1704 sedem
266 1666 352 1722 snper
372 1667 523 1719 acaunum,
546 1648 689 1706 substrato
706 1648 767 1706 illes
784 1657 884 1724 tapeto,
907 1657 933 1707 et
951 1648 1036 1707 linteo
1057 1669 1143 1725 super
1158 1645 1335 1724 pulurwala

131 1726 243 1802 injecto.
286 1726 398 1785 Deinde
425 1727 533 1786 Vicani
546 1730 605 1786 duo
622 1729 656 1786 ln
673 1728 757 1787 Albis
774 1750 794 1787 a
811 1731 913 1787 deutra
925 1738 1011 1805 parte
1029 1726 1144 1786 Alterais
1156 1726 1252 1786 Stolos
1264 1746 1335 1786 suas

131 1826 231 1865 emam
244 1826 272 1865 se
284 1807 318 1864 in
330 1809 450 1866 nodum
468 1809 561 1866 erucis
573 1809 712 1882 labentes,
727 1809 818 1868 nudis
829 1810 953 1886 pedibus
966 1830 1052 1887 super
1066 1818 1170 1886 tapeta,
1185 1808 1221 1867 ab
1234 1806 1335 1865 Altan’

130 1907 222 1962 usque
236 1888 270 1945 in
284 1887 414 1946 Olenon
427 1909 561 1965 caperata,
574 1893 764 1967 precedentes,
779 1900 805 1949 et
820 1890 941 1951 Crucem
954 1901 1113 1968 coepertum
1124 1910 1190 1949 eam
1203 1888 1335 1948 cernuli

131 1969 280 2044 supposito
293 1968 461 2045 bajulantes,
478 1980 586 2029 canant
598 1971 805 2047 Aruipalonane.

193 2049 307 2125 Populo
320 2069 411 2123 meus,
426 2051 499 2126 quid
511 2053 567 2109 feci
580 2053 636 2110 tibi
650 2057 702 2109 aut
715 2053 748 2110 in
761 2072 820 2129 quo
834 2052 1007 2111 contristavi
1026 2057 1065 2124 te,
1080 2051 1223 2128 responde
1239 2049 1332 2121 mihi,-

131 2129 202 2206 quia
215 2130 306 2187 eduxi
319 2137 349 2187 te
363 2131 399 2188 de
412 2137 492 2190 terra
505 2133 638 2210 AEgypti,
654 2133 764 2208 parasti
778 2153 893 2190 crucem
907 2133 1047 2191 salvatori
1059 2142 1120 2190 tuo.

191 2210 262 2268 Duo
276 2210 404 2269 Dtaooua‘
416 2212 450 2270 in
460 2213 549 2285 Allis,
560 2214 651 2271 nudis
659 2215 792 2289 pedibus,
807 2215 842 2270 e'n
854 2214 948 2272 medio
962 2213 1053 2273 uun
1065 2222 1132 2271 ante
1145 2212 1252 2281 ostium
1264 2210 1333 2268 ocei-

130 2291 244 2349 deutale
258 2289 346 2350 Cloe-l
358 2295 555 2368 respmedeant,
572 2304 614 2352 ter
619 2295 760 2368 flectendo
772 2315 875 2369 penna

189 2371 286 2447 Agios
300 2372 326 2430 O
341 2373 444 2446 Theos,
459 2375 553 2450 Agios
567 2374 698 2450 Iskyros,
712 2376 807 2453 Agios
822 2374 1003 2448 Athanatos,
1017 2374 1136 2450 eleyson
1148 2391 1238 2450 ymas.

191 2468 425 2527 Edd—Oleorus
434 2471 566 2529 similiter
574 2480 616 2530 ter
621 2492 718 2548 penna
818 2469 895 2552 [MS.
922 2472 1017 2530 D.—
1031 2471 1141 2532 Olenus
1164 2469 1333 2546 respaadeat

123 2551 266 2622 flectendo
280 2550 359 2607 dieat
371 2549 580 2627 Antaplonane.
754 2572 820 2610 eune
832 2553 1034 2628 penufleaione,
1049 2553 1207 2611 osculantes
1212 2550 1332 2626 formu

755 2633 799 2690 las
816 2635 908 2692 tritus
922 2634 1038 2706 unibus,
1055 2654 1118 2690 una
1130 2628 1332 2709 responsione]

193 2710 319 2769 Sanctus
333 2711 425 2784 Deua,
439 2718 557 2771 sanctus
569 2713 664 2786 fortis,
678 2719 797 2771 sanctus
810 2719 841 2771 et
854 2678 1038 2788 immortalis:
1052 2715 1189 2771 miserere
1201 2712 1293 2770 nobis.

130 2871 156 2928 Α
191 2791 297 2930 pff
316 2792 389 2850 auri
408 2756 467 2852 duo
494 2795 603 2853 Vieosrli
622 2815 689 2853 eune
713 2793 861 2853 Crueel
828 2795 1047 2870 alrpuantulum
1066 2794 1213 2872 propresae’
1236 2792 1335 2852 dicant

161 2872 227 2946 ntip
286 2895 342 2931 ana.

193 2952 272 3021 Quia
285 2955 376 3013 eduxi
388 2960 418 3013 te
432 2975 485 3032 per
498 2955 646 3013 desertum
660 2956 855 3034 quadraginta
868 2957 962 3029 annis,
975 2962 1006 3014 ct
1019 2977 1128 3014 manna
1141 2954 1238 3013 cibavi
1250 2959 1290 3028 tc,
1304 2959 1334 3011 et

129 3034 309 3170 intrffiiuxi
300 3055 333 3092 1n
346 3043 456 3095 terram
469 3042 515 3093 sat
516 3037 540 3093 is
554 3037 704 3113 optimam,
720 3037 830 3114 parasti
844 3056 959 3095 crucem
976 3037 1124 3096 Salvatori
1136 3042 1197 3094 tuo

224 3135 352 3174 neonus

191 3195 288 3334 &ldis
303 3197 328 3255 Ο
344 3198 447 3270 Theos,
464 3196 557 3274 Agios
571 3197 701 3274 Iskyros,
716 3198 811 3276 Agios
826 3197 964 3256 Athanat
951 3203 1036 3271 teos,
1036 3199 1138 3274 leyson
1150 3216 1241 3274 ymas.

275 3296 315 3334 aa

194 3356 323 3415 Sanctus
337 3359 428 3431 Deus,
443 3363 561 3417 sanctus
574 3359 667 3432 sortis,
683 3365 800 3416 sanctus
814 3364 845 3416 et
858 3358 1040 3432 immortalis,
1056 3359 1192 3416 miserere
1205 3356 1298 3416 nobis.

191 3438 308 3497 Deinde
321 3441 379 3499 daeo
397 3404 507 3499 Vicani
522 3438 616 3498 Olore
630 3404 894 3516 appropinquantes
908 3439 1015 3497 dieunt

193 3520 274 3591 Quid
295 3521 374 3578 ultra
394 3521 482 3578 debui
502 3521 596 3578 facere
615 3521 679 3594 tibi,
700 3528 731 3578 et
751 3539 811 3577 non
831 3521 906 3578 facil
926 3540 979 3597 ego
999 3520 1118 3596 quidem
1138 3518 1273 3595 plantavi
1292 3521 1332 3589 te,

129 3601 249 3659 vineam
268 3619 366 3659 meam
385 3602 485 3659 fructu
506 3601 648 3673 decoram,
663 3607 694 3658 et
714 3605 750 3658 tu
769 3601 848 3658 facta
868 3621 898 3659 es
919 3601 993 3658 mihi
1013 3600 1101 3658 nimie
1114 3618 1232 3671 amara3
1251 3603 1335 3655 aceto

129 3701 259 3759 namque
278 3684 376 3740 mixto
396 3702 463 3740 cum
483 3681 550 3740 felle
570 3681 653 3739 sitim
672 3701 768 3740 meam
787 3683 906 3759 potasti,
922 3688 953 3741 et
965 3682 1067 3740 lancea
1086 3679 1242 3758 perforasti
1254 3678 1334 3737 latus
1422 3693 1423 3696 ’

131 3762 296 3822 Salvatoris
308 3763 363 3820 tui.

191 3843 353 3901 Diaconus.

191 3924 288 4000 Agiou
302 3923 328 3982 Ο
343 3924 438 3981 Theos
439 3922 554 4001 ,Agiou
568 3923 697 4001 Islryros,
710 3923 805 4002 Agios
819 3923 997 3997 Athanatos,
1013 3923 1139 3999 eleyson
1143 3939 1234 3999 ymas

193 4003 317 4063 Mltos-us

192 4084 319 4142 Sanctus
333 4084 423 4156 Deus,
440 4089 558 4142 sanctus
570 4084 665 4157 fortis,
681 4054 800 4142 sanctus
813 4090 844 4142 et
856 4084 1040 4156 immortalis,
1055 4082 1192 4141 miserere
1205 4081 1298 4141 nobis

193 4166 324 4223 Tandem
336 4167 395 4222 duo
412 4129 543 4224 luant
530 4173 612 4223 antra
617 4164 733 4240 januas
742 4174 810 4223 aust
799 4164 885 4223 trater
896 4163 986 4224 duri
986 4184 1089 4242 ,svper
1097 4165 1210 4240 pandus
1219 4157 1337 4224 altiores

127 4239 245 4319 atauus,
261 4245 438 4321 discooperta
452 4245 549 4318 Orare,
565 4246 665 4304 dunat
678 4246 754 4303 lanc
766 4245 975 4321 Antiphonem

191 4371 274 4420 ’.ΜΒ
293 4371 319 4417 O.
339 4372 410 4417 omits
428 4371 469 4417 the
487 4371 612 4417 adcretion
630 4371 655 4417 of
679 4371 720 4417 the
740 4370 854 4428 Gracilis,
874 4371 921 4416 and
941 4384 1001 4430 goes
1024 4386 1056 4417 on
1075 4385 1103 4417 as
1122 4371 1252 4443 below(p.
1271 4371 1334 4441 107),

131 4429 346 4535 lididemnpdm'
378 4431 431 4477 The
441 4431 495 4476 first
509 4429 646 4489 paragraph
656 4429 680 4475 oi
696 4429 745 4476 thia
760 4429 841 4476 rubrio
856 4429 899 4476 has
914 4429 975 4476 been
989 4431 1087 4479 added'
1080 4445 1106 4476 m
1120 4431 1153 4478 ita
1170 4431 1265 4488 margin
1279 4430 1306 4475 in
1320 4443 1335 4474 a
