<?xml version="1.0" encoding="UTF-8"?>
<!DOCTYPE html PUBLIC "-//W3C//DTD XHTML 1.0 Transitional//EN"
    "http://www.w3.org/TR/xhtml1/DTD/xhtml1-transitional.dtd">
<html xmlns="http://www.w3.org/1999/xhtml" xml:lang="en" lang="en">
 <head>
  <title>
</title>
<meta http-equiv="Content-Type" content="text/html;charset=utf-8" />
  <meta name='ocr-system' content='tesseract 3.04.00' />
  <meta name='ocr-capabilities' content='ocr_page ocr_carea ocr_par ocr_line ocrx_word'/>
</head>
<body>
  <div class='ocr_page' id='page_1' title='image "./missaleadusumin00churgoog_0064.png"; bbox 0 0 2926 4996; ppageno 0'>
   <div class='ocr_carea' id='block_1_1' title="bbox 436 365 1332 432">
    <p class='ocr_par' dir='ltr' id='par_1_1' title="bbox 436 365 1332 432">
     <span class='ocr_line' id='line_1_1' title="bbox 436 365 1332 432; baseline 0.002 -2"><span class='ocrx_word' id='word_1_1' title='bbox 436 365 620 431; x_wconf 81' lang='lat' dir='ltr'>Dominiea</span> <span class='ocrx_word' id='word_1_2' title='bbox 634 367 658 430; x_wconf 91' lang='lat' dir='ltr'><em>I</em></span> <span class='ocrx_word' id='word_1_3' title='bbox 662 367 697 432; x_wconf 90' lang='lat' dir='ltr'>V.</span> <span class='ocrx_word' id='word_1_4' title='bbox 713 365 897 432; x_wconf 79' lang='lat' dir='ltr'>Adventus.</span> <span class='ocrx_word' id='word_1_5' title='bbox 1227 374 1265 432; x_wconf 93' lang='grc'>11</span> <span class='ocrx_word' id='word_1_6' title='bbox 1328 400 1332 407; x_wconf 94' lang='grc'><strong>-</strong></span> 
     </span>
    </p>
   </div>
   <div class='ocr_carea' id='block_1_2' title="bbox 62 531 1272 2046">
    <p class='ocr_par' dir='ltr' id='par_1_2' title="bbox 66 531 1271 770">
     <span class='ocr_line' id='line_1_2' title="bbox 73 531 1271 611; baseline 0.003 -22"><span class='ocrx_word' id='word_1_7' title='bbox 73 533 99 592; x_wconf 86' lang='lat' dir='ltr'>V.</span> <span class='ocrx_word' id='word_1_8' title='bbox 124 534 185 603; x_wconf 84' lang='lat' dir='ltr'>Qui</span> <span class='ocrx_word' id='word_1_9' title='bbox 208 532 290 591; x_wconf 85' lang='lat' dir='ltr'>sedes</span> <span class='ocrx_word' id='word_1_10' title='bbox 314 551 402 609; x_wconf 88' lang='lat' dir='ltr'>super</span> <span class='ocrx_word' id='word_1_11' title='bbox 427 531 585 607; x_wconf 79' lang='lat' dir='ltr'>Cherubin,</span> <span class='ocrx_word' id='word_1_12' title='bbox 612 553 719 610; x_wconf 88' lang='lat' dir='ltr'>appare</span> <span class='ocrx_word' id='word_1_13' title='bbox 747 553 844 592; x_wconf 90' lang='lat' dir='ltr'>coram</span> <span class='ocrx_word' id='word_1_14' title='bbox 868 533 1019 610; x_wconf 82' lang='lat' dir='ltr'><strong>Ephraim,</strong></span> <span class='ocrx_word' id='word_1_15' title='bbox 1046 534 1212 611; x_wconf 82' lang='lat' dir='ltr'>BenJ&#39;amin‚</span> <span class='ocrx_word' id='word_1_16' title='bbox 1241 544 1271 593; x_wconf 86' lang='lat' dir='ltr'>et</span> 
     </span>
     <span class='ocr_line' id='line_1_3' title="bbox 66 615 213 672; baseline -0.007 0"><span class='ocrx_word' id='word_1_17' title='bbox 66 615 213 672; x_wconf 81' lang='lat' dir='ltr'>Manaase.</span> 
     </span>
     <span class='ocr_line' id='line_1_4' title="bbox 71 693 1161 770; baseline 0 -16"><span class='ocrx_word' id='word_1_18' title='bbox 71 695 101 754; x_wconf 98' lang='lat' dir='ltr'>V.</span> <span class='ocrx_word' id='word_1_19' title='bbox 125 695 217 753; x_wconf 86' lang='lat' dir='ltr'>Excit</span> <span class='ocrx_word' id='word_1_20' title='bbox 205 702 245 766; x_wconf 84' lang='lat' dir='ltr'>ta,</span> <span class='ocrx_word' id='word_1_21' title='bbox 261 693 398 766; x_wconf 86' lang='lat' dir='ltr'><strong>Domine,</strong></span> <span class='ocrx_word' id='word_1_22' title='bbox 414 695 578 770; x_wconf 90' lang='lat' dir='ltr'>potentiam</span> <span class='ocrx_word' id='word_1_23' title='bbox 593 700 676 752; x_wconf 93' lang='lat' dir='ltr'>tuam</span> <span class='ocrx_word' id='word_1_24' title='bbox 690 701 721 752; x_wconf 92' lang='lat' dir='ltr'>et</span> <span class='ocrx_word' id='word_1_25' title='bbox 734 695 820 753; x_wconf 85' lang='lat' dir='ltr'>veni:</span> <span class='ocrx_word' id='word_1_26' title='bbox 841 701 877 753; x_wconf 90' lang='lat' dir='ltr'>ut</span> <span class='ocrx_word' id='word_1_27' title='bbox 890 696 985 752; x_wconf 87' lang='lat' dir='ltr'>salvos</span> <span class='ocrx_word' id='word_1_28' title='bbox 998 695 1087 753; x_wconf 82' lang='lat' dir='ltr'>facias</span> <span class='ocrx_word' id='word_1_29' title='bbox 1100 715 1161 756; x_wconf 90' lang='lat' dir='ltr'>nos</span> 
     </span>
    </p>

    <p class='ocr_par' dir='ltr' id='par_1_3' title="bbox 125 739 589 853">
     <span class='ocr_line' id='line_1_5' title="bbox 125 739 589 853; baseline -0.007 -19"><span class='ocrx_word' id='word_1_30' title='bbox 125 739 296 834; x_wconf 64' lang='lat' dir='ltr'>Secundam</span> <span class='ocrx_word' id='word_1_31' title='bbox 308 774 422 832; x_wconf 81' lang='lat' dir='ltr'>Lucam</span> <span class='ocrx_word' id='word_1_32' title='bbox 434 776 490 853; x_wconf 85' lang='lat'><em>(</em></span> <span class='ocrx_word' id='word_1_33' title='bbox 452 796 496 832; x_wconf 86' lang='grc' dir='ltr'>ιιι</span> <span class='ocrx_word' id='word_1_34' title='bbox 515 775 589 852; x_wconf 87' lang='grc'>16)</span> 
     </span>
    </p>

    <p class='ocr_par' dir='ltr' id='par_1_4' title="bbox 66 856 1272 996">
     <span class='ocr_line' id='line_1_6' title="bbox 126 856 1272 940; baseline 0.001 -26"><span class='ocrx_word' id='word_1_35' title='bbox 126 857 220 914; x_wconf 88' lang='lat' dir='ltr'>Anno</span> <span class='ocrx_word' id='word_1_36' title='bbox 249 856 504 933; x_wconf 89' lang='lat' dir='ltr'>quintodecimo</span> <span class='ocrx_word' id='word_1_37' title='bbox 495 856 611 932; x_wconf 79' lang='lat' dir='ltr'>imperii</span> <span class='ocrx_word' id='word_1_38' title='bbox 632 856 744 914; x_wconf 84' lang='lat' dir='ltr'>Tiberii</span> <span class='ocrx_word' id='word_1_39' title='bbox 771 857 893 915; x_wconf 74' lang='lat' dir='ltr'>Caesaris</span> <span class='ocrx_word' id='word_1_40' title='bbox 913 878 1003 932; x_wconf 68' lang='lat' dir='ltr'>aequae</span> <span class='ocrx_word' id='word_1_41' title='bbox 1025 859 1065 914; x_wconf 80' lang='lat' dir='ltr'>acl</span> <span class='ocrx_word' id='word_1_42' title='bbox 1086 858 1183 940; x_wconf 87' lang='lat' dir='ltr'>omnis</span> <span class='ocrx_word' id='word_1_43' title='bbox 1204 878 1272 916; x_wconf 91' lang='lat' dir='ltr'>caro</span> 
     </span>
     <span class='ocr_line' id='line_1_7' title="bbox 66 937 276 996; baseline -0.005 -1"><span class='ocrx_word' id='word_1_44' title='bbox 66 937 196 996; x_wconf 87' lang='lat' dir='ltr'>salutare</span> <span class='ocrx_word' id='word_1_45' title='bbox 210 937 276 994; x_wconf 92' lang='lat' dir='ltr'>Dei.</span> 
     </span>
    </p>

    <p class='ocr_par' dir='ltr' id='par_1_5' title="bbox 127 1018 320 1093">
     <span class='ocr_line' id='line_1_8' title="bbox 127 1018 320 1093; baseline -0.011 -16"><span class='ocrx_word' id='word_1_46' title='bbox 127 1018 320 1093; x_wconf 70' lang='lat' dir='ltr'>Offmoriam.</span> 
     </span>
    </p>

    <p class='ocr_par' dir='ltr' id='par_1_6' title="bbox 67 1097 1271 1238">
     <span class='ocr_line' id='line_1_9' title="bbox 127 1097 1271 1176; baseline 0.002 -20"><span class='ocrx_word' id='word_1_47' title='bbox 127 1099 242 1156; x_wconf 83' lang='lat' dir='ltr'>Exulta</span> <span class='ocrx_word' id='word_1_48' title='bbox 263 1099 343 1171; x_wconf 88' lang='lat' dir='ltr'>satis,</span> <span class='ocrx_word' id='word_1_49' title='bbox 367 1098 429 1155; x_wconf 90' lang='lat' dir='ltr'>filia</span> <span class='ocrx_word' id='word_1_50' title='bbox 451 1097 542 1156; x_wconf 80' lang='lat' dir='ltr'>Sion:</span> <span class='ocrx_word' id='word_1_51' title='bbox 570 1099 705 1176; x_wconf 76' lang='lat' dir='ltr'>pradica,</span> <span class='ocrx_word' id='word_1_52' title='bbox 729 1099 791 1156; x_wconf 88' lang='lat' dir='ltr'>filia</span> <span class='ocrx_word' id='word_1_53' title='bbox 812 1099 1022 1157; x_wconf 85' lang='lat' dir='ltr'>Hierusalem:</span> <span class='ocrx_word' id='word_1_54' title='bbox 1050 1119 1116 1159; x_wconf 88' lang='lat' dir='ltr'>ecce</span> <span class='ocrx_word' id='word_1_55' title='bbox 1133 1120 1187 1158; x_wconf 87' lang='lat' dir='ltr'>rex</span> <span class='ocrx_word' id='word_1_56' title='bbox 1200 1107 1271 1158; x_wconf 87' lang='lat' dir='ltr'>tuus</span> 
     </span>
     <span class='ocr_line' id='line_1_10' title="bbox 67 1179 479 1238; baseline 0.002 -2"><span class='ocrx_word' id='word_1_57' title='bbox 67 1180 152 1238; x_wconf 85' lang='lat' dir='ltr'>venit</span> <span class='ocrx_word' id='word_1_58' title='bbox 165 1186 284 1238; x_wconf 88' lang='lat' dir='ltr'>sanctus</span> <span class='ocrx_word' id='word_1_59' title='bbox 299 1187 329 1238; x_wconf 90' lang='lat' dir='ltr'>et</span> <span class='ocrx_word' id='word_1_60' title='bbox 342 1179 479 1237; x_wconf 83' lang='lat' dir='ltr'>salvator.</span> 
     </span>
    </p>

    <p class='ocr_par' dir='ltr' id='par_1_7' title="bbox 125 1260 248 1319">
     <span class='ocr_line' id='line_1_11' title="bbox 125 1260 248 1319; baseline 0.008 -1"><span class='ocrx_word' id='word_1_61' title='bbox 125 1260 248 1319; x_wconf 77' lang='lat' dir='ltr'>Secreta.</span> 
     </span>
    </p>

    <p class='ocr_par' dir='ltr' id='par_1_8' title="bbox 65 1341 1272 1499">
     <span class='ocr_line' id='line_1_12' title="bbox 126 1341 1272 1418; baseline -0.001 -19"><span class='ocrx_word' id='word_1_62' title='bbox 126 1341 283 1399; x_wconf 86' lang='lat' dir='ltr'>Sacrificiis</span> <span class='ocrx_word' id='word_1_63' title='bbox 304 1341 505 1418; x_wconf 86' lang='lat' dir='ltr'>praesentibus,</span> <span class='ocrx_word' id='word_1_64' title='bbox 529 1361 703 1418; x_wconf 86' lang='lat' dir='ltr'>quaesumus,</span> <span class='ocrx_word' id='word_1_65' title='bbox 720 1342 857 1414; x_wconf 87' lang='lat' dir='ltr'>Doniine,</span> <span class='ocrx_word' id='word_1_66' title='bbox 879 1343 1012 1418; x_wconf 88' lang='lat' dir='ltr'>placatus</span> <span class='ocrx_word' id='word_1_67' title='bbox 1033 1342 1162 1414; x_wconf 76' lang='lat' dir='ltr'><strong>intende,</strong></span> <span class='ocrx_word' id='word_1_68' title='bbox 1184 1348 1219 1399; x_wconf 91' lang='lat' dir='ltr'>ut</span> <span class='ocrx_word' id='word_1_69' title='bbox 1241 1350 1272 1399; x_wconf 87' lang='lat' dir='ltr'>et</span> 
     </span>
     <span class='ocr_line' id='line_1_13' title="bbox 65 1422 951 1499; baseline -0.002 -19"><span class='ocrx_word' id='word_1_70' title='bbox 65 1422 220 1480; x_wconf 85' lang='lat' dir='ltr'>devotioni</span> <span class='ocrx_word' id='word_1_71' title='bbox 232 1427 339 1479; x_wconf 89' lang='lat' dir='ltr'>nostrae</span> <span class='ocrx_word' id='word_1_72' title='bbox 354 1422 509 1499; x_wconf 87' lang='lat' dir='ltr'>proficiant</span> <span class='ocrx_word' id='word_1_73' title='bbox 523 1429 553 1480; x_wconf 90' lang='lat' dir='ltr'>et</span> <span class='ocrx_word' id='word_1_74' title='bbox 566 1422 664 1481; x_wconf 90' lang='lat' dir='ltr'>saluti.</span> <span class='ocrx_word' id='word_1_75' title='bbox 707 1423 767 1480; x_wconf 90' lang='lat' dir='ltr'>Per</span> <span class='ocrx_word' id='word_1_76' title='bbox 781 1423 951 1480; x_wconf 89' lang='lat' dir='ltr'>Dominum.</span> 
     </span>
    </p>

    <p class='ocr_par' dir='ltr' id='par_1_9' title="bbox 128 1501 606 1562">
     <span class='ocr_line' id='line_1_14' title="bbox 128 1501 606 1562; baseline -0.004 0"><span class='ocrx_word' id='word_1_77' title='bbox 128 1501 309 1562; x_wconf 72' lang='lat' dir='ltr'>Coruncanio</span> <span class='ocrx_word' id='word_1_78' title='bbox 602 1526 606 1535; x_wconf 92' lang='lat'><em>·</em></span> 
     </span>
    </p>

    <p class='ocr_par' dir='ltr' id='par_1_10' title="bbox 65 1584 1270 1742">
     <span class='ocr_line' id='line_1_15' title="bbox 128 1584 1270 1662; baseline 0.002 -22"><span class='ocrx_word' id='word_1_79' title='bbox 128 1584 289 1641; x_wconf 82' lang='lat' dir='ltr'>Exultavit</span> <span class='ocrx_word' id='word_1_80' title='bbox 303 1589 338 1641; x_wconf 89' lang='lat' dir='ltr'>ut</span> <span class='ocrx_word' id='word_1_81' title='bbox 351 1584 433 1661; x_wconf 85' lang='lat' dir='ltr'>gigas</span> <span class='ocrx_word' id='word_1_82' title='bbox 446 1585 484 1641; x_wconf 83' lang='lat' dir='ltr'>ad</span> <span class='ocrx_word' id='word_1_83' title='bbox 498 1584 715 1642; x_wconf 88' lang='lat' dir='ltr'>currendam</span> <span class='ocrx_word' id='word_1_84' title='bbox 686 1604 831 1642; x_wconf 79' lang='lat' dir='ltr'>mama</span> <span class='ocrx_word' id='word_1_85' title='bbox 846 1604 960 1642; x_wconf 90' lang='lat' dir='ltr'>summo</span> <span class='ocrx_word' id='word_1_86' title='bbox 975 1585 1045 1643; x_wconf 82' lang='lat' dir='ltr'>caelo</span> <span class='ocrx_word' id='word_1_87' title='bbox 1059 1584 1185 1662; x_wconf 83' lang='lat' dir='ltr'>egressio</span> <span class='ocrx_word' id='word_1_88' title='bbox 1199 1586 1270 1661; x_wconf 89' lang='lat' dir='ltr'>ejus,</span> 
     </span>
     <span class='ocr_line' id='line_1_16' title="bbox 65 1652 731 1742; baseline -0.002 -19"><span class='ocrx_word' id='word_1_89' title='bbox 65 1671 98 1723; x_wconf 86' lang='lat' dir='ltr'>et</span> <span class='ocrx_word' id='word_1_90' title='bbox 112 1684 250 1723; x_wconf 87' lang='lat' dir='ltr'>occursus</span> <span class='ocrx_word' id='word_1_91' title='bbox 263 1664 327 1741; x_wconf 84' lang='lat' dir='ltr'>ejus</span> <span class='ocrx_word' id='word_1_92' title='bbox 341 1685 432 1740; x_wconf 88' lang='lat' dir='ltr'>nsque</span> <span class='ocrx_word' id='word_1_93' title='bbox 446 1665 484 1723; x_wconf 89' lang='lat' dir='ltr'>ad</span> <span class='ocrx_word' id='word_1_94' title='bbox 497 1652 645 1723; x_wconf 75' lang='lat' dir='ltr'>summum</span> <span class='ocrx_word' id='word_1_95' title='bbox 660 1667 731 1742; x_wconf 90' lang='lat' dir='ltr'>ejus.</span> 
     </span>
    </p>

    <p class='ocr_par' dir='ltr' id='par_1_11' title="bbox 126 1745 371 1804">
     <span class='ocr_line' id='line_1_17' title="bbox 126 1745 371 1804; baseline 0.004 -2"><span class='ocrx_word' id='word_1_96' title='bbox 126 1745 371 1804; x_wconf 79' lang='lat' dir='ltr'>Postoommuaio.</span> 
     </span>
    </p>

    <p class='ocr_par' dir='ltr' id='par_1_12' title="bbox 62 1827 1271 2046">
     <span class='ocr_line' id='line_1_18' title="bbox 128 1827 1271 1904; baseline 0 -20"><span class='ocrx_word' id='word_1_97' title='bbox 128 1827 313 1897; x_wconf 70' lang='lat' dir='ltr'>Quaesumus,</span> <span class='ocrx_word' id='word_1_98' title='bbox 328 1827 457 1884; x_wconf 88' lang='lat' dir='ltr'>Domine</span> <span class='ocrx_word' id='word_1_99' title='bbox 475 1828 557 1885; x_wconf 90' lang='lat' dir='ltr'>Deus</span> <span class='ocrx_word' id='word_1_100' title='bbox 577 1832 686 1898; x_wconf 88' lang='lat' dir='ltr'>noster,</span> <span class='ocrx_word' id='word_1_101' title='bbox 707 1833 742 1885; x_wconf 92' lang='lat' dir='ltr'>nt</span> <span class='ocrx_word' id='word_1_102' title='bbox 764 1833 947 1885; x_wconf 85' lang='lat' dir='ltr'>sacrosancta</span> <span class='ocrx_word' id='word_1_103' title='bbox 968 1827 1108 1904; x_wconf 87' lang='lat' dir='ltr'>mysteria</span> <span class='ocrx_word' id='word_1_104' title='bbox 1131 1847 1196 1904; x_wconf 84' lang='lat' dir='ltr'>quae</span> <span class='ocrx_word' id='word_1_105' title='bbox 1217 1848 1271 1903; x_wconf 87' lang='lat' dir='ltr'>pro</span> 
     </span>
     <span class='ocr_line' id='line_1_19' title="bbox 62 1908 1271 1984; baseline -0.002 -19"><span class='ocrx_word' id='word_1_106' title='bbox 62 1908 262 1984; x_wconf 77' lang='lat' dir='ltr'>reparationis</span> <span class='ocrx_word' id='word_1_107' title='bbox 286 1914 394 1965; x_wconf 88' lang='lat' dir='ltr'>nostrae</span> <span class='ocrx_word' id='word_1_108' title='bbox 417 1909 581 1965; x_wconf 87' lang='lat' dir='ltr'>munimine</span> <span class='ocrx_word' id='word_1_109' title='bbox 609 1908 770 1978; x_wconf 75' lang='lat' dir='ltr'>contulisti,</span> <span class='ocrx_word' id='word_1_110' title='bbox 795 1917 825 1965; x_wconf 90' lang='lat' dir='ltr'>et</span> <span class='ocrx_word' id='word_1_111' title='bbox 849 1927 976 1984; x_wconf 76' lang='lat' dir='ltr'>praesens</span> <span class='ocrx_word' id='word_1_112' title='bbox 1000 1909 1084 1966; x_wconf 91' lang='lat' dir='ltr'>nobis</span> <span class='ocrx_word' id='word_1_113' title='bbox 1108 1908 1271 1966; x_wconf 88' lang='lat' dir='ltr'>remedium</span> 
     </span>
     <span class='ocr_line' id='line_1_20' title="bbox 63 1988 721 2046; baseline -0.002 0"><span class='ocrx_word' id='word_1_114' title='bbox 63 2009 128 2046; x_wconf 82' lang='lat' dir='ltr'>esse</span> <span class='ocrx_word' id='word_1_115' title='bbox 143 1989 233 2046; x_wconf 80' lang='lat' dir='ltr'>facias</span> <span class='ocrx_word' id='word_1_116' title='bbox 246 1993 277 2046; x_wconf 91' lang='lat' dir='ltr'>et</span> <span class='ocrx_word' id='word_1_117' title='bbox 291 1989 433 2046; x_wconf 88' lang='lat' dir='ltr'>futurum.</span> <span class='ocrx_word' id='word_1_118' title='bbox 478 1989 537 2046; x_wconf 89' lang='lat' dir='ltr'>Per</span> <span class='ocrx_word' id='word_1_119' title='bbox 550 1988 721 2046; x_wconf 91' lang='lat' dir='ltr'>Dominum.</span> 
     </span>
    </p>
   </div>
   <div class='ocr_carea' id='block_1_3' title="bbox 366 2176 976 2245">
    <p class='ocr_par' dir='ltr' id='par_1_13' title="bbox 366 2176 976 2245">
     <span class='ocr_line' id='line_1_21' title="bbox 366 2176 976 2245; baseline 0.003 -13"><span class='ocrx_word' id='word_1_120' title='bbox 366 2176 526 2234; x_wconf 76' lang='lat' dir='ltr'>Donmmn</span> <span class='ocrx_word' id='word_1_121' title='bbox 539 2193 661 2245; x_wconf 75' lang='lat' dir='ltr'>ouanrn</span> <span class='ocrx_word' id='word_1_122' title='bbox 675 2193 833 2234; x_wconf 74' lang='lat' dir='ltr'>anvnnrus</span> <span class='ocrx_word' id='word_1_123' title='bbox 848 2177 976 2234; x_wconf 73' lang='lat' dir='ltr'>Douma</span> 
     </span>
    </p>
   </div>
   <div class='ocr_carea' id='block_1_4' title="bbox 55 2306 1271 2464">
    <p class='ocr_par' dir='ltr' id='par_1_14' title="bbox 55 2306 1271 2464">
     <span class='ocr_line' id='line_1_22' title="bbox 127 2306 515 2382; baseline 0.008 -20"><span class='ocrx_word' id='word_1_124' title='bbox 127 2306 178 2363; x_wconf 84' lang='lat' dir='ltr'>Ad</span> <span class='ocrx_word' id='word_1_125' title='bbox 199 2306 331 2364; x_wconf 81' lang='lat' dir='ltr'>Missam.</span> <span class='ocrx_word' id='word_1_126' title='bbox 376 2307 515 2382; x_wconf 78' lang='lat' dir='ltr'>Officium.</span> 
     </span>
     <span class='ocr_line' id='line_1_23' title="bbox 55 2382 1271 2464; baseline 0.002 -20"><span class='ocrx_word' id='word_1_127' title='bbox 55 2382 58 2387; x_wconf 70' lang='grc'><strong>’</strong></span> <span class='ocrx_word' id='word_1_128' title='bbox 126 2387 282 2445; x_wconf 89' lang='lat' dir='ltr'>Memento</span> <span class='ocrx_word' id='word_1_129' title='bbox 304 2387 407 2458; x_wconf 81' lang='lat' dir='ltr'>nostri,</span> <span class='ocrx_word' id='word_1_130' title='bbox 425 2388 562 2461; x_wconf 84' lang='lat' dir='ltr'>Domine,</span> <span class='ocrx_word' id='word_1_131' title='bbox 584 2389 617 2445; x_wconf 91' lang='lat' dir='ltr'>in</span> <span class='ocrx_word' id='word_1_132' title='bbox 638 2389 822 2464; x_wconf 86' lang='lat' dir='ltr'>beneplacito</span> <span class='ocrx_word' id='word_1_133' title='bbox 844 2389 945 2464; x_wconf 92' lang='lat' dir='ltr'>populi</span> <span class='ocrx_word' id='word_1_134' title='bbox 968 2389 1031 2446; x_wconf 91' lang='lat' dir='ltr'>tui:</span> <span class='ocrx_word' id='word_1_135' title='bbox 1053 2388 1142 2446; x_wconf 87' lang='lat' dir='ltr'>visita</span> <span class='ocrx_word' id='word_1_136' title='bbox 1163 2409 1216 2447; x_wconf 87' lang='lat' dir='ltr'>nos</span> <span class='ocrx_word' id='word_1_137' title='bbox 1238 2391 1271 2447; x_wconf 90' lang='lat' dir='ltr'>in</span> 
     </span>
    </p>
   </div>
   <div class='ocr_carea' id='block_1_5' title="bbox 60 2468 1380 2542">
    <p class='ocr_par' dir='ltr' id='par_1_15' title="bbox 60 2468 1380 2542">
     <span class='ocr_line' id='line_1_24' title="bbox 60 2468 1380 2542; baseline 0.002 -16"><span class='ocrx_word' id='word_1_138' title='bbox 60 2469 192 2526; x_wconf 87' lang='lat' dir='ltr'>salutari</span> <span class='ocrx_word' id='word_1_139' title='bbox 213 2475 284 2526; x_wconf 87' lang='lat' dir='ltr'>tuo:</span> <span class='ocrx_word' id='word_1_140' title='bbox 311 2468 349 2526; x_wconf 90' lang='lat' dir='ltr'>ad</span> <span class='ocrx_word' id='word_1_141' title='bbox 372 2469 533 2526; x_wconf 84' lang='lat' dir='ltr'>videndum</span> <span class='ocrx_word' id='word_1_142' title='bbox 557 2470 589 2526; x_wconf 91' lang='lat' dir='ltr'>in</span> <span class='ocrx_word' id='word_1_143' title='bbox 613 2470 745 2526; x_wconf 88' lang='lat' dir='ltr'>bonitate</span> <span class='ocrx_word' id='word_1_144' title='bbox 769 2471 928 2527; x_wconf 86' lang='lat' dir='ltr'>electorum</span> <span class='ocrx_word' id='word_1_145' title='bbox 956 2476 1085 2542; x_wconf 86' lang='lat' dir='ltr'>tuorum,</span> <span class='ocrx_word' id='word_1_146' title='bbox 1110 2469 1143 2527; x_wconf 90' lang='lat' dir='ltr'>in</span> <span class='ocrx_word' id='word_1_147' title='bbox 1166 2470 1270 2528; x_wconf 88' lang='lat' dir='ltr'>laetitia</span> <span class='ocrx_word' id='word_1_148' title='bbox 1370 2496 1380 2504; x_wconf 72' lang='lat'><em>-</em></span> 
     </span>
    </p>
   </div>
   <div class='ocr_carea' id='block_1_6' title="bbox 60 2550 1272 4566">
    <p class='ocr_par' dir='ltr' id='par_1_16' title="bbox 60 2550 784 2627">
     <span class='ocr_line' id='line_1_25' title="bbox 60 2550 784 2627; baseline 0 -20"><span class='ocrx_word' id='word_1_149' title='bbox 60 2551 166 2627; x_wconf 77' lang='lat' dir='ltr'>gent-is</span> <span class='ocrx_word' id='word_1_150' title='bbox 178 2556 257 2607; x_wconf 89' lang='lat' dir='ltr'>tuae:</span> <span class='ocrx_word' id='word_1_151' title='bbox 278 2554 314 2606; x_wconf 90' lang='lat' dir='ltr'>ut</span> <span class='ocrx_word' id='word_1_152' title='bbox 327 2550 454 2607; x_wconf 87' lang='lat' dir='ltr'>lauderis</span> <span class='ocrx_word' id='word_1_153' title='bbox 468 2570 536 2607; x_wconf 89' lang='lat' dir='ltr'>cum</span> <span class='ocrx_word' id='word_1_154' title='bbox 549 2550 712 2608; x_wconf 88' lang='lat' dir='ltr'>hereditate</span> <span class='ocrx_word' id='word_1_155' title='bbox 725 2557 784 2608; x_wconf 88' lang='lat' dir='ltr'>tua.</span> 
     </span>
    </p>

    <p class='ocr_par' dir='ltr' id='par_1_17' title="bbox 128 2630 277 2688">
     <span class='ocr_line' id='line_1_26' title="bbox 128 2630 277 2688; baseline -0.007 0"><span class='ocrx_word' id='word_1_156' title='bbox 128 2630 277 2688; x_wconf 78' lang='lat' dir='ltr'>Facimus.</span> 
     </span>
    </p>

    <p class='ocr_par' dir='ltr' id='par_1_18' title="bbox 60 2711 1272 2868">
     <span class='ocr_line' id='line_1_27' title="bbox 127 2711 1272 2805; baseline -0.001 -36"><span class='ocrx_word' id='word_1_157' title='bbox 127 2711 320 2769; x_wconf 81' lang='lat' dir='ltr'>Confitemini</span> <span class='ocrx_word' id='word_1_158' title='bbox 341 2711 471 2769; x_wconf 91' lang='lat' dir='ltr'>Domino</span> <span class='ocrx_word' id='word_1_159' title='bbox 491 2713 629 2789; x_wconf 87' lang='lat' dir='ltr'>quoniam</span> <span class='ocrx_word' id='word_1_160' title='bbox 652 2714 761 2805; x_wconf 85' lang='lat' dir='ltr'>bonus:</span> <span class='ocrx_word' id='word_1_161' title='bbox 791 2713 930 2789; x_wconf 89' lang='lat' dir='ltr'>quoniam</span> <span class='ocrx_word' id='word_1_162' title='bbox 950 2713 983 2770; x_wconf 92' lang='lat' dir='ltr'>in</span> <span class='ocrx_word' id='word_1_163' title='bbox 1003 2713 1141 2771; x_wconf 86' lang='lat' dir='ltr'>saeculum</span> <span class='ocrx_word' id='word_1_164' title='bbox 1162 2713 1272 2770; x_wconf 88' lang='lat' dir='ltr'>miseri-</span> 
     </span>
     <span class='ocr_line' id='line_1_28' title="bbox 60 2793 252 2868; baseline 0 -18"><span class='ocrx_word' id='word_1_165' title='bbox 60 2793 206 2851; x_wconf 85' lang='lat' dir='ltr'>cordia</span> <span class='ocrx_word' id='word_1_166' title='bbox 181 2813 252 2868; x_wconf 85' lang='lat' dir='ltr'>eJus.</span> 
     </span>
    </p>

    <p class='ocr_par' dir='ltr' id='par_1_19' title="bbox 128 2875 240 2933">
     <span class='ocr_line' id='line_1_29' title="bbox 128 2875 240 2933; baseline -0.029 0"><span class='ocrx_word' id='word_1_167' title='bbox 128 2875 240 2933; x_wconf 80' lang='lat' dir='ltr'>Oratio</span> 
     </span>
    </p>

    <p class='ocr_par' dir='ltr' id='par_1_20' title="bbox 60 2954 1272 3195">
     <span class='ocr_line' id='line_1_30' title="bbox 128 2954 1272 3031; baseline -0.003 -18"><span class='ocrx_word' id='word_1_168' title='bbox 128 2955 247 3026; x_wconf 85' lang='lat' dir='ltr'>Excita,</span> <span class='ocrx_word' id='word_1_169' title='bbox 270 2954 407 3026; x_wconf 90' lang='lat' dir='ltr'>Domine,</span> <span class='ocrx_word' id='word_1_170' title='bbox 429 2956 593 3031; x_wconf 86' lang='lat' dir='ltr'>potentiam</span> <span class='ocrx_word' id='word_1_171' title='bbox 614 2961 705 3027; x_wconf 90' lang='lat' dir='ltr'>tuam,</span> <span class='ocrx_word' id='word_1_172' title='bbox 728 2962 758 3013; x_wconf 88' lang='lat' dir='ltr'>ct</span> <span class='ocrx_word' id='word_1_173' title='bbox 777 2957 854 3026; x_wconf 89' lang='lat' dir='ltr'>veni,</span> <span class='ocrx_word' id='word_1_174' title='bbox 876 2962 906 3013; x_wconf 88' lang='lat' dir='ltr'>et</span> <span class='ocrx_word' id='word_1_175' title='bbox 927 2975 1033 3031; x_wconf 88' lang='lat' dir='ltr'>magna</span> <span class='ocrx_word' id='word_1_176' title='bbox 1053 2954 1137 3012; x_wconf 89' lang='lat' dir='ltr'>nobis</span> <span class='ocrx_word' id='word_1_177' title='bbox 1159 2955 1272 3011; x_wconf 88' lang='lat' dir='ltr'>virtute</span> 
     </span>
     <span class='ocr_line' id='line_1_31' title="bbox 61 3035 1271 3113; baseline -0.002 -19"><span class='ocrx_word' id='word_1_178' title='bbox 61 3057 214 3108; x_wconf 88' lang='lat' dir='ltr'>succurre,</span> <span class='ocrx_word' id='word_1_179' title='bbox 226 3041 263 3092; x_wconf 92' lang='lat' dir='ltr'>ut</span> <span class='ocrx_word' id='word_1_180' title='bbox 275 3035 422 3093; x_wconf 85' lang='lat' dir='ltr'>auxilium</span> <span class='ocrx_word' id='word_1_181' title='bbox 432 3036 534 3112; x_wconf 84' lang='lat' dir='ltr'>gratiae</span> <span class='ocrx_word' id='word_1_182' title='bbox 548 3042 616 3106; x_wconf 86' lang='lat' dir='ltr'>tuae,</span> <span class='ocrx_word' id='word_1_183' title='bbox 630 3038 709 3113; x_wconf 88' lang='lat' dir='ltr'>quod</span> <span class='ocrx_word' id='word_1_184' title='bbox 722 3043 823 3093; x_wconf 87' lang='lat' dir='ltr'>nostra</span> <span class='ocrx_word' id='word_1_185' title='bbox 837 3042 955 3112; x_wconf 86' lang='lat' dir='ltr'>peccata</span> <span class='ocrx_word' id='word_1_186' title='bbox 968 3036 1162 3112; x_wconf 86' lang='lat' dir='ltr'>praepediunt,</span> <span class='ocrx_word' id='word_1_187' title='bbox 1175 3035 1271 3092; x_wconf 88' lang='lat' dir='ltr'>indul-</span> 
     </span>
     <span class='ocr_line' id='line_1_32' title="bbox 60 3116 1268 3195; baseline -0.002 -20"><span class='ocrx_word' id='word_1_188' title='bbox 60 3119 169 3195; x_wconf 89' lang='lat' dir='ltr'>gentia</span> <span class='ocrx_word' id='word_1_189' title='bbox 181 3123 242 3174; x_wconf 86' lang='lat' dir='ltr'>tuae</span> <span class='ocrx_word' id='word_1_190' title='bbox 258 3116 476 3192; x_wconf 85' lang='lat' dir='ltr'>propitiationis</span> <span class='ocrx_word' id='word_1_191' title='bbox 489 3117 637 3174; x_wconf 82' lang='lat' dir='ltr'>acceleret.</span> <span class='ocrx_word' id='word_1_192' title='bbox 679 3117 738 3187; x_wconf 81' lang='lat' dir='ltr'>Qui</span> <span class='ocrx_word' id='word_1_193' title='bbox 751 3117 828 3174; x_wconf 83' lang='lat' dir='ltr'>vivis</span> <span class='ocrx_word' id='word_1_194' title='bbox 842 3123 872 3174; x_wconf 90' lang='lat' dir='ltr'>et</span> <span class='ocrx_word' id='word_1_195' title='bbox 885 3137 997 3194; x_wconf 84' lang='lat' dir='ltr'>regnas,</span> <span class='ocrx_word' id='word_1_196' title='bbox 1014 3137 1081 3173; x_wconf 88' lang='lat' dir='ltr'>cum</span> <span class='ocrx_word' id='word_1_197' title='bbox 1096 3116 1160 3172; x_wconf 93' lang='lat' dir='ltr'>Deo</span> <span class='ocrx_word' id='word_1_198' title='bbox 1171 3116 1268 3173; x_wconf 87' lang='lat' dir='ltr'>Patre.</span> 
     </span>
    </p>

    <p class='ocr_par' dir='ltr' id='par_1_21' title="bbox 130 3196 555 3275">
     <span class='ocr_line' id='line_1_33' title="bbox 130 3196 555 3275; baseline 0 -21"><span class='ocrx_word' id='word_1_199' title='bbox 130 3197 180 3256; x_wconf 81' lang='lat' dir='ltr'>Ad</span> <span class='ocrx_word' id='word_1_200' title='bbox 193 3197 395 3273; x_wconf 73' lang='lat' dir='ltr'>Philippenses</span> <span class='ocrx_word' id='word_1_201' title='bbox 407 3196 461 3273; x_wconf 82' lang='lat' dir='ltr'>(iv.</span> <span class='ocrx_word' id='word_1_202' title='bbox 479 3198 555 3275; x_wconf 76' lang='lat'><strong><em>4-7).</em></strong></span> 
     </span>
    </p>

    <p class='ocr_par' dir='ltr' id='par_1_22' title="bbox 65 3278 1270 3418">
     <span class='ocr_line' id='line_1_34' title="bbox 128 3278 1270 3355; baseline -0.004 -19"><span class='ocrx_word' id='word_1_203' title='bbox 128 3279 267 3337; x_wconf 84' lang='lat' dir='ltr'>Fratres:</span> <span class='ocrx_word' id='word_1_204' title='bbox 290 3279 423 3336; x_wconf 84' lang='lat' dir='ltr'>Gaudete</span> <span class='ocrx_word' id='word_1_205' title='bbox 436 3278 469 3334; x_wconf 92' lang='lat' dir='ltr'>in</span> <span class='ocrx_word' id='word_1_206' title='bbox 488 3279 617 3335; x_wconf 91' lang='lat' dir='ltr'>Domino</span> <span class='ocrx_word' id='word_1_207' title='bbox 630 3298 745 3354; x_wconf 86' lang='lat' dir='ltr'>semper</span> <span class='ocrx_word' id='word_1_208' title='bbox 760 3298 850 3354; x_wconf 79' lang='lat' dir='ltr'>usque</span> <span class='ocrx_word' id='word_1_209' title='bbox 871 3279 911 3334; x_wconf 83' lang='lat' dir='ltr'>ad</span> <span class='ocrx_word' id='word_1_210' title='bbox 929 3278 1140 3355; x_wconf 87' lang='lat' dir='ltr'>intelligentias</span> <span class='ocrx_word' id='word_1_211' title='bbox 1157 3283 1270 3334; x_wconf 81' lang='lat' dir='ltr'>vestras</span> 
     </span>
     <span class='ocr_line' id='line_1_35' title="bbox 65 3359 591 3418; baseline 0 -1"><span class='ocrx_word' id='word_1_212' title='bbox 65 3361 98 3417; x_wconf 93' lang='lat' dir='ltr'>in</span> <span class='ocrx_word' id='word_1_213' title='bbox 114 3359 237 3418; x_wconf 81' lang='lat' dir='ltr'>Christo</span> <span class='ocrx_word' id='word_1_214' title='bbox 251 3360 273 3416; x_wconf 87' lang='lat' dir='ltr'><strong>J</strong></span> <span class='ocrx_word' id='word_1_215' title='bbox 274 3378 325 3417; x_wconf 92' lang='lat' dir='ltr'>esu</span> <span class='ocrx_word' id='word_1_216' title='bbox 340 3359 469 3416; x_wconf 91' lang='lat' dir='ltr'>Domino</span> <span class='ocrx_word' id='word_1_217' title='bbox 483 3366 591 3417; x_wconf 89' lang='lat' dir='ltr'>nostro.</span> 
     </span>
    </p>

    <p class='ocr_par' dir='ltr' id='par_1_23' title="bbox 132 3439 267 3498">
     <span class='ocr_line' id='line_1_36' title="bbox 132 3439 267 3498; baseline -0.007 0"><span class='ocrx_word' id='word_1_218' title='bbox 132 3439 267 3498; x_wconf 78' lang='lat' dir='ltr'>Gradale.</span> 
     </span>
    </p>

    <p class='ocr_par' dir='ltr' id='par_1_24' title="bbox 67 3518 1272 3671">
     <span class='ocr_line' id='line_1_37' title="bbox 132 3518 1272 3598; baseline -0.004 -20"><span class='ocrx_word' id='word_1_219' title='bbox 132 3521 230 3598; x_wconf 91' lang='lat' dir='ltr'>Prope</span> <span class='ocrx_word' id='word_1_220' title='bbox 252 3526 296 3578; x_wconf 86' lang='lat' dir='ltr'>est</span> <span class='ocrx_word' id='word_1_221' title='bbox 319 3520 465 3578; x_wconf 85' lang='lat' dir='ltr'>Dominus</span> <span class='ocrx_word' id='word_1_222' title='bbox 492 3522 628 3578; x_wconf 86' lang='lat' dir='ltr'>omnibus</span> <span class='ocrx_word' id='word_1_223' title='bbox 652 3521 857 3579; x_wconf 82' lang='lat' dir='ltr'>invocantibus</span> <span class='ocrx_word' id='word_1_224' title='bbox 879 3541 964 3578; x_wconf 90' lang='lat' dir='ltr'>cum:</span> <span class='ocrx_word' id='word_1_225' title='bbox 993 3520 1130 3577; x_wconf 89' lang='lat' dir='ltr'>omnibus</span> <span class='ocrx_word' id='word_1_226' title='bbox 1154 3518 1205 3595; x_wconf 91' lang='lat' dir='ltr'>qui</span> <span class='ocrx_word' id='word_1_227' title='bbox 1229 3519 1272 3575; x_wconf 91' lang='lat' dir='ltr'>in-</span> 
     </span>
     <span class='ocr_line' id='line_1_38' title="bbox 67 3601 452 3671; baseline 0.003 -13"><span class='ocrx_word' id='word_1_228' title='bbox 67 3609 178 3661; x_wconf 79' lang='lat' dir='ltr'>vocant</span> <span class='ocrx_word' id='word_1_229' title='bbox 191 3621 260 3660; x_wconf 89' lang='lat' dir='ltr'>eum</span> <span class='ocrx_word' id='word_1_230' title='bbox 273 3603 306 3671; x_wconf 85' lang='lat' dir='ltr'>in</span> <span class='ocrx_word' id='word_1_231' title='bbox 319 3601 452 3660; x_wconf 86' lang='lat' dir='ltr'>veritate.</span> 
     </span>
    </p>

    <p class='ocr_par' dir='ltr' id='par_1_25' title="bbox 68 3681 1269 3922">
     <span class='ocr_line' id='line_1_39' title="bbox 76 3681 1269 3760; baseline -0.006 -17"><span class='ocrx_word' id='word_1_232' title='bbox 76 3683 104 3743; x_wconf 89' lang='lat' dir='ltr'>V.</span> <span class='ocrx_word' id='word_1_233' title='bbox 126 3682 261 3741; x_wconf 85' lang='lat' dir='ltr'>Laudem</span> <span class='ocrx_word' id='word_1_234' title='bbox 276 3681 400 3739; x_wconf 90' lang='lat' dir='ltr'>Domini</span> <span class='ocrx_word' id='word_1_235' title='bbox 412 3681 550 3760; x_wconf 89' lang='lat' dir='ltr'>loquetur</span> <span class='ocrx_word' id='word_1_236' title='bbox 563 3703 595 3740; x_wconf 90' lang='lat' dir='ltr'>os</span> <span class='ocrx_word' id='word_1_237' title='bbox 608 3703 725 3740; x_wconf 89' lang='lat' dir='ltr'>meum:</span> <span class='ocrx_word' id='word_1_238' title='bbox 746 3691 777 3741; x_wconf 90' lang='lat' dir='ltr'>et</span> <span class='ocrx_word' id='word_1_239' title='bbox 789 3683 944 3742; x_wconf 87' lang='lat' dir='ltr'>benedicat</span> <span class='ocrx_word' id='word_1_240' title='bbox 965 3682 1060 3739; x_wconf 85' lang='lat' dir='ltr'>omnis</span> <span class='ocrx_word' id='word_1_241' title='bbox 1077 3701 1144 3738; x_wconf 90' lang='lat' dir='ltr'>caro</span> <span class='ocrx_word' id='word_1_242' title='bbox 1161 3698 1269 3736; x_wconf 90' lang='lat' dir='ltr'>nomen</span> 
     </span>
     <span class='ocr_line' id='line_1_40' title="bbox 68 3762 481 3839; baseline 0 -18"><span class='ocrx_word' id='word_1_243' title='bbox 68 3769 205 3822; x_wconf 78' lang='lat' dir='ltr'>sanctum</span> <span class='ocrx_word' id='word_1_244' title='bbox 218 3764 289 3839; x_wconf 86' lang='lat' dir='ltr'>ejus.</span> <span class='ocrx_word' id='word_1_245' title='bbox 332 3762 481 3839; x_wconf 88' lang='lat' dir='ltr'>Alleluya.</span> 
     </span>
     <span class='ocr_line' id='line_1_41' title="bbox 76 3843 1083 3922; baseline -0.002 -20"><span class='ocrx_word' id='word_1_246' title='bbox 76 3845 105 3903; x_wconf 90' lang='lat' dir='ltr'>V.</span> <span class='ocrx_word' id='word_1_247' title='bbox 129 3845 221 3917; x_wconf 87' lang='lat' dir='ltr'>Veni,</span> <span class='ocrx_word' id='word_1_248' title='bbox 238 3843 377 3916; x_wconf 87' lang='lat' dir='ltr'>Domino,</span> <span class='ocrx_word' id='word_1_249' title='bbox 393 3849 424 3901; x_wconf 91' lang='lat' dir='ltr'>et</span> <span class='ocrx_word' id='word_1_250' title='bbox 436 3843 499 3901; x_wconf 92' lang='lat' dir='ltr'>noli</span> <span class='ocrx_word' id='word_1_251' title='bbox 512 3845 647 3904; x_wconf 87' lang='lat' dir='ltr'>tardare:</span> <span class='ocrx_word' id='word_1_252' title='bbox 668 3845 769 3904; x_wconf 84' lang='lat' dir='ltr'>relaxa</span> <span class='ocrx_word' id='word_1_253' title='bbox 781 3845 911 3904; x_wconf 87' lang='lat' dir='ltr'>facinora</span> <span class='ocrx_word' id='word_1_254' title='bbox 924 3843 1004 3922; x_wconf 87' lang='lat' dir='ltr'>plebi</span> <span class='ocrx_word' id='word_1_255' title='bbox 1016 3849 1083 3900; x_wconf 88' lang='lat' dir='ltr'>tuae.</span> 
     </span>
    </p>

    <p class='ocr_par' dir='ltr' id='par_1_26' title="bbox 129 3924 295 3984">
     <span class='ocr_line' id='line_1_42' title="bbox 129 3924 295 3984; baseline 0 -1"><span class='ocrx_word' id='word_1_256' title='bbox 129 3924 156 3983; x_wconf 76' lang='lat' dir='ltr'><em>S</em></span> <span class='ocrx_word' id='word_1_257' title='bbox 185 3925 295 3984; x_wconf 80' lang='grc' dir='ltr'>ιιιιιιιιι.</span> 
     </span>
    </p>

    <p class='ocr_par' dir='ltr' id='par_1_27' title="bbox 66 3946 1272 4408">
     <span class='ocr_line' id='line_1_43' title="bbox 132 3946 1272 4084; baseline -0.005 -18"><span class='ocrx_word' id='word_1_258' title='bbox 132 3946 307 4084; x_wconf 57' lang='lat' dir='ltr'>[Ziquentia</span> <span class='ocrx_word' id='word_1_259' title='bbox 325 4004 487 4081; x_wconf 75' lang='lat' dir='ltr'>aubamipta</span> <span class='ocrx_word' id='word_1_260' title='bbox 504 4016 635 4064; x_wconf 78' lang='grc' dir='ltr'>ιαιιιιιιιι</span> <span class='ocrx_word' id='word_1_261' title='bbox 648 4028 668 4064; x_wconf 82' lang='grc' dir='ltr'>α</span> <span class='ocrx_word' id='word_1_262' title='bbox 681 4017 819 4082; x_wconf 77' lang='lat' dir='ltr'>quattuor</span> <span class='ocrx_word' id='word_1_263' title='bbox 839 4003 1114 4081; x_wconf 80' lang='lat' dir='ltr'>VicariiseaOapia</span> <span class='ocrx_word' id='word_1_264' title='bbox 1131 4004 1272 4078; x_wconf 70' lang='lat' dir='ltr'>nigrisia</span> 
     </span>
     <span class='ocr_line' id='line_1_44' title="bbox 66 4087 1272 4166; baseline -0.004 -21"><span class='ocrx_word' id='word_1_265' title='bbox 66 4087 193 4164; x_wconf 69' lang='lat' dir='ltr'>pulpito,</span> <span class='ocrx_word' id='word_1_266' title='bbox 221 4097 248 4145; x_wconf 85' lang='lat' dir='ltr'>et</span> <span class='ocrx_word' id='word_1_267' title='bbox 269 4095 338 4166; x_wconf 79' lang='lat' dir='ltr'>post</span> <span class='ocrx_word' id='word_1_268' title='bbox 365 4107 598 4162; x_wconf 76' lang='lat' dir='ltr'>unumquemque</span> <span class='ocrx_word' id='word_1_269' title='bbox 628 4089 745 4146; x_wconf 79' lang='lat' dir='ltr'>Versum</span> <span class='ocrx_word' id='word_1_270' title='bbox 769 4098 877 4164; x_wconf 71' lang='lat' dir='ltr'>praeter</span> <span class='ocrx_word' id='word_1_271' title='bbox 901 4095 967 4161; x_wconf 81' lang='lat' dir='ltr'>post</span> <span class='ocrx_word' id='word_1_272' title='bbox 994 4087 1132 4143; x_wconf 77' lang='grc' dir='ltr'>ιιιιιιιιιιιιι</span> <span class='ocrx_word' id='word_1_273' title='bbox 1158 4105 1272 4142; x_wconf 79' lang='lat' dir='ltr'>versum</span> 
     </span>
     <span class='ocr_line' id='line_1_45' title="bbox 71 4156 1272 4261; baseline -0.005 -35"><span class='ocrx_word' id='word_1_274' title='bbox 71 4177 217 4244; x_wconf 75' lang='lat' dir='ltr'>repetatur</span> <span class='ocrx_word' id='word_1_275' title='bbox 232 4189 252 4226; x_wconf 84' lang='lat' dir='ltr'>a</span> <span class='ocrx_word' id='word_1_276' title='bbox 269 4156 354 4226; x_wconf 65' lang='lat' dir='ltr'>ciero</span> <span class='ocrx_word' id='word_1_277' title='bbox 371 4188 500 4261; x_wconf 64' lang='lat' dir='ltr'>paeanio</span> <span class='ocrx_word' id='word_1_278' title='bbox 519 4168 644 4242; x_wconf 54' lang='lat' dir='ltr'>guadeat</span> <span class='ocrx_word' id='word_1_279' title='bbox 664 4172 762 4227; x_wconf 71' lang='lat' dir='ltr'>cerasia</span> <span class='ocrx_word' id='word_1_280' title='bbox 781 4189 868 4243; x_wconf 77' lang='lat' dir='ltr'>super·</span> <span class='ocrx_word' id='word_1_281' title='bbox 885 4168 959 4224; x_wconf 73' lang='lat' dir='ltr'>itanc</span> <span class='ocrx_word' id='word_1_282' title='bbox 979 4168 1093 4225; x_wconf 77' lang='grc' dir='ltr'>ιιιιιαιιι</span> <span class='ocrx_word' id='word_1_283' title='bbox 1109 4166 1144 4222; x_wconf 86' lang='grc' dir='ltr'><strong><em>Α</em></strong></span> <span class='ocrx_word' id='word_1_284' title='bbox 1188 4165 1272 4221; x_wconf 80' lang='lat' dir='ltr'>Etsi</span> 
     </span>
     <span class='ocr_line' id='line_1_46' title="bbox 79 4246 1272 4324; baseline -0.005 -17"><span class='ocrx_word' id='word_1_285' title='bbox 79 4249 187 4324; x_wconf 72' lang='lat' dir='ltr'>Viqilia</span> <span class='ocrx_word' id='word_1_286' title='bbox 200 4249 234 4306; x_wconf 84' lang='grc' dir='ltr'><em>Ν</em></span> <span class='ocrx_word' id='word_1_287' title='bbox 232 4249 297 4308; x_wconf 84' lang='lat' dir='ltr'>ata</span> <span class='ocrx_word' id='word_1_288' title='bbox 295 4249 322 4307; x_wconf 86' lang='lat' dir='ltr'>is</span> <span class='ocrx_word' id='word_1_289' title='bbox 285 4248 481 4306; x_wconf 80' lang='lat' dir='ltr'>iDomini</span> <span class='ocrx_word' id='word_1_290' title='bbox 469 4269 502 4306; x_wconf 86' lang='grc' dir='ltr'>ιιι</span> <span class='ocrx_word' id='word_1_291' title='bbox 512 4248 667 4307; x_wconf 78' lang='lat' dir='ltr'>Doniiaica</span> <span class='ocrx_word' id='word_1_292' title='bbox 681 4251 800 4307; x_wconf 77' lang='lat' dir='ltr'>evenerit</span> <span class='ocrx_word' id='word_1_293' title='bbox 814 4250 925 4308; x_wconf 81' lang='lat' dir='ltr'>dicetur</span> <span class='ocrx_word' id='word_1_294' title='bbox 934 4247 1070 4324; x_wconf 79' lang='lat' dir='ltr'>Sequent‘</span> <span class='ocrx_word' id='word_1_295' title='bbox 1058 4269 1089 4306; x_wconf 81' lang='grc' dir='ltr'>ιιι</span> <span class='ocrx_word' id='word_1_296' title='bbox 1048 4248 1123 4306; x_wconf 88' lang='lat' dir='ltr'><strong>J</strong></span> <span class='ocrx_word' id='word_1_297' title='bbox 1126 4246 1272 4304; x_wconf 80' lang='lat' dir='ltr'>ubilemus</span> 
     </span>
     <span class='ocr_line' id='line_1_47' title="bbox 71 4329 759 4408; baseline 0.001 -22"><span class='ocrx_word' id='word_1_298' title='bbox 71 4349 181 4402; x_wconf 85' lang='lat' dir='ltr'>omnes,</span> <span class='ocrx_word' id='word_1_299' title='bbox 196 4340 222 4388; x_wconf 84' lang='lat' dir='ltr'>et</span> <span class='ocrx_word' id='word_1_300' title='bbox 235 4340 328 4389; x_wconf 81' lang='lat' dir='ltr'>cetera</span> <span class='ocrx_word' id='word_1_301' title='bbox 342 4339 376 4386; x_wconf 91' lang='grc' dir='ltr'>ιιι</span> <span class='ocrx_word' id='word_1_302' title='bbox 365 4329 692 4387; x_wconf 60' lang='lat' dir='ltr'>trithemium-MS.</span> <span class='ocrx_word' id='word_1_303' title='bbox 709 4329 759 4408; x_wconf 83' lang='lat' dir='ltr'>O.]</span> 
     </span>
    </p>

    <p class='ocr_par' dir='ltr' id='par_1_28' title="bbox 192 4411 689 4566">
     <span class='ocr_line' id='line_1_48' title="bbox 192 4411 552 4470; baseline -0.006 0"><span class='ocrx_word' id='word_1_304' title='bbox 192 4411 214 4469; x_wconf 85' lang='lat' dir='ltr'>J</span> <span class='ocrx_word' id='word_1_305' title='bbox 216 4412 365 4470; x_wconf 90' lang='lat' dir='ltr'>ubilemus</span> <span class='ocrx_word' id='word_1_306' title='bbox 378 4429 478 4468; x_wconf 89' lang='lat' dir='ltr'>omnes</span> <span class='ocrx_word' id='word_1_307' title='bbox 491 4430 552 4468; x_wconf 90' lang='lat' dir='ltr'>una</span> 
     </span>
     <span class='ocr_line' id='line_1_49' title="bbox 194 4491 689 4566; baseline -0.006 -15"><span class='ocrx_word' id='word_1_308' title='bbox 194 4493 260 4551; x_wconf 87' lang='lat' dir='ltr'>Deo</span> <span class='ocrx_word' id='word_1_309' title='bbox 272 4497 378 4550; x_wconf 90' lang='lat' dir='ltr'>nostro</span> <span class='ocrx_word' id='word_1_310' title='bbox 392 4491 444 4566; x_wconf 93' lang='lat' dir='ltr'>qui</span> <span class='ocrx_word' id='word_1_311' title='bbox 457 4491 568 4548; x_wconf 83' lang='lat' dir='ltr'>creavit</span> <span class='ocrx_word' id='word_1_312' title='bbox 581 4491 689 4562; x_wconf 90' lang='lat' dir='ltr'>omnia,</span> 
     </span>
    </p>
   </div>
   <div class='ocr_carea' id='block_1_7' title="bbox 0 0 1470 4996">
    <p class='ocr_par' dir='ltr' id='par_1_29' title="bbox 0 0 1470 4996">
     <span class='ocr_line' id='line_1_50' title="bbox 0 0 1470 4996; baseline 0 0"><span class='ocrx_word' id='word_1_313' title='bbox 0 0 1470 4996; x_wconf 95' lang='lat' dir='ltr'> </span> 
     </span>
    </p>
   </div>
  </div>
 </body>
</html>
