2926 4996
190 346 231 406 48
616 340 720 405 Faria
733 339 776 406 iu
794 339 967 407 Oincrum.

251 510 361 568 Oratio

248 589 382 648 Concede
396 588 490 661 nobis,
505 607 681 664 quaesumus,
695 588 831 659 Domine,
843 588 980 663 praesidia
993 588 1108 646 militiae
1123 588 1304 647 Christianae
1317 609 1395 649 sanc-

188 673 227 729 tis
241 671 379 728 inchoare
388 670 531 746 jejuniis,
549 676 585 726 ut
599 675 703 727 contra
716 669 884 744 spirituales
898 670 1047 745 nequitias
1060 671 1231 746 pugnaturi,
1247 672 1395 730 continen-

190 754 238 810 tiae
253 752 424 808 muniamur
437 750 566 807 auxiliis
610 749 669 807 Per
682 750 854 807 Dominum.

249 832 395 890 Memoria
420 851 477 907 pro
505 831 630 906 pcccatis
657 830 776 888 Exaudi
806 851 975 907 quaesumus
1006 831 1135 889 Domine
1163 833 1340 910 supplicum,
1370 844 1394 892 et

190 914 252 971 alia
272 913 410 971 nccnemia
431 913 545 970 Sanctae
566 911 625 968 Dei
647 912 806 988 genitricis
829 912 968 970 dicantur
988 914 1028 970 ad
1048 913 1174 970 Missam
1194 914 1242 972 lus
1262 924 1397 990 qcrattuor

191 995 296 1053 dicbus.

250 1074 391 1150 Epistola.
435 1074 530 1131 Lectio
544 1071 571 1128 J
569 1073 636 1130 ociis
650 1073 800 1149 Propheta
821 1072 870 1150 (ii.
889 1073 1004 1152 12-19).

253 1156 328 1213 Haec
343 1155 415 1212 dicit
430 1155 596 1212 Dominus:
619 1153 836 1211 Convertimini
857 1154 894 1212 ad
911 1175 957 1212 me
971 1156 1004 1211 in
1018 1161 1082 1213 toto
1095 1156 1182 1213 corde
1195 1162 1297 1214 vestro
1310 1178 1395 1232 usquc

192 1239 232 1295 acl
252 1257 312 1293 non
333 1236 409 1292 dabo
429 1255 481 1292 vos
502 1235 582 1291 ultra
602 1236 792 1311 opprobrium
808 1235 848 1292 in
875 1236 1021 1312 gentibus,
1044 1237 1117 1294 dicit
1137 1237 1288 1295 Dominus
1309 1240 1395 1295 omni-

214 1325 306 1376 otcns.

192 1340 212 1394 p
256 1396 391 1456 Gradal.

255 1479 397 1535 Miserere
408 1477 473 1547 mei,
486 1477 576 1548 Deus,
588 1476 811 1535 misereremei:
832 1477 973 1553 quoniam
986 1479 1017 1534 in
1031 1483 1062 1536 te
1076 1479 1198 1537 confidit
1212 1480 1315 1539 anima
1326 1500 1393 1538 meu

201 1561 229 1618 V.
255 1559 342 1615 Misit
357 1559 392 1615 de
407 1557 477 1615 caelo
491 1564 521 1616 et
534 1559 673 1616 liberavit
686 1578 751 1617 me:
772 1558 853 1616 dedit
867 1559 898 1616 in
913 1559 1104 1636 opprobrium
1117 1560 1324 1620 conculcantes
1336 1581 1387 1620 me.

258 1640 389 1697 Tractus.

256 1720 392 1789 Domine,
406 1740 467 1776 non
481 1720 641 1777 secundum
654 1725 774 1796 peccata
787 1726 888 1777 nostra
902 1720 990 1778 facias
1004 1722 1107 1781 nobis:
1128 1741 1227 1799 neque
1241 1724 1394 1781 secundnm

195 1802 368 1878 iniquitates
381 1807 497 1857 nostras
511 1802 657 1857 retribuas
670 1801 762 1858 nobis.

202 1885 230 1941 V.
258 1883 394 1954 Domine,
410 1902 447 1939 ne
461 1882 629 1938 memineris
649 1881 844 1957 iniquitatum
861 1889 1031 1940 nostrarum
1045 1882 1256 1958 antiquarum:
1278 1885 1337 1943 cito
1350 1904 1396 1942 an·

196 1964 321 2040 ticipcnt
334 1983 388 2019 nos
403 1962 608 2020 misericordiae
623 1968 691 2033 tuae,
707 1963 777 2038 quia
790 1983 931 2039 pauperes
945 1964 1017 2021 fecti
1031 1983 1131 2021 sumus
1144 1965 1243 2023 nimis.
1315 2010 1318 2018 .

203 2047 231 2103 V.
259 2044 382 2121 Adjuva
401 2064 464 2115 nos,
480 2043 562 2101 Deus
583 2043 719 2100 salutaris
740 2050 857 2101 noster:
878 2050 908 2101 et
928 2050 1049 2121 propter
1066 2045 1190 2121 gloriam
1204 2046 1335 2104 nominis
1346 2047 1396 2115 tui,

198 2126 334 2197 Domine,
356 2125 449 2182 libera
472 2145 535 2196 noS,
558 2131 589 2182 et
612 2124 757 2200 propitius
781 2130 843 2181 esto
867 2127 993 2201 peccatis
1017 2127 1126 2184 nostris
1151 2133 1275 2203 propter
1296 2147 1398 2184 nomen

198 2217 293 2265 tuum.

261 2288 386 2345 Tractus
410 2286 539 2344 Domine
567 2306 628 2343 non
659 2286 828 2357 secundum,
857 2288 982 2360 qualibet
1012 2288 1101 2345 Faria
1129 2290 1265 2361 secunda,
1287 2299 1400 2364 quarta,

199 2379 224 2427 ct
245 2378 323 2426 scuta
346 2388 436 2442 usquc
457 2369 497 2424 ad
514 2367 635 2424 Feriam
655 2376 793 2441 quartam
807 2377 875 2442 post
890 2368 1014 2426 Patmos
1034 2369 1159 2440 dicatur,
1182 2379 1297 2446 accepta
1316 2370 1400 2428 Faria

199 2458 307 2524 quarta
323 2449 468 2518 Quattuor
485 2448 664 2523 Tcncporum,
680 2448 732 2505 ubi
739 2449 881 2522 proprius
896 2448 1020 2507 Tractus
1033 2449 1159 2510 babetur.

260 2529 429 2587 Secundum
442 2529 617 2585 Mattltccum
637 2528 690 2602 (ui.
711 2529 823 2603 16-21).

261 2609 301 2666 Iu
321 2609 373 2666 illo
393 2614 533 2685 tempore,
556 2609 645 2665 Dixit
665 2608 753 2666 Jesus
774 2609 924 2685 discipulis
945 2611 1024 2668 suis:
1046 2611 1121 2668 (ium
1138 2611 1291 2688 jejunatis,
1314 2612 1403 2671 nolite

201 2691 266 2748 fieri
279 2710 369 2763 usquc
383 2691 423 2746 cd
437 2690 502 2747 Ubi
516 2690 595 2746 enim
609 2694 654 2746 est
668 2689 822 2747 thesaurus
836 2697 916 2763 tuus,
930 2692 973 2749 ibi
987 2698 1076 2750 estet
1090 2699 1249 2751 cortuum.

264 2770 456 2843 Offertorium.

264 2851 409 2908 Exultabo
429 2857 469 2922 te,
485 2851 622 2922 Domine,
644 2850 784 2925 quoniam
804 2853 957 2928 suscepisti
976 2873 1024 2911 me
1034 2873 1043 2926 3
1062 2873 1116 2911 nec
1137 2854 1291 2913 delectasti
1311 2855 1405 2913 inimi·

202 2952 250 2991 cos
264 2951 342 2988 meos
356 2951 444 3008 super
456 2951 522 3004 me;
543 2931 681 3005 Domine,
697 2932 822 2989 clamavi
835 2933 872 2990 ad
886 2941 917 2991 te
931 2939 961 2991 et
975 2935 1086 2992 sanasti
1099 2954 1156 2994 me.

266 3014 386 3071 Secreta.

264 3095 324 3151 Fac
344 3113 406 3164 nos,
422 3093 559 3165 Domine,
574 3113 747 3169 quaesumus,
764 3093 811 3150 his
831 3095 1002 3153 muneribus
1023 3096 1178 3154 offerendis
1199 3098 1408 3157 convenienter

203 3175 318 3252 aptari:
339 3175 446 3251 quibus
459 3176 552 3252 ipsius
565 3175 742 3232 venerabilis
755 3177 931 3234 sacmmenti
945 3177 1124 3234 celebramus
1142 3179 1309 3237 exordium.
1352 3178 1409 3237 Per

205 3257 377 3314 Dominum.

265 3337 414 3412 Prasatic.
459 3337 518 3406 Qui
532 3337 676 3412 corporali
692 3337 825 3412 jejuni03
853 3337 936 3395 leodic
949 3348 976 3395 et
989 3338 1024 3395 ab
1045 3338 1095 3396 icoc
1116 3339 1162 3396 dic
1178 3359 1271 3415 usquc
1284 3342 1327 3398 acl
1339 3342 1410 3399 Pas-

204 3420 312 3477 sionem
326 3418 449 3476 Domini
468 3418 593 3493 siccatis
613 3418 712 3474 dubus
728 3418 962 3492 Quadrapcsimae
981 3428 1042 3476 tam
1055 3419 1219 3478 Dominicis
1237 3441 1331 3496 quam
1344 3422 1411 3480 aliis

205 3501 304 3558 (liebus
316 3499 490 3570 Ferialibus,
506 3499 625 3574 exceptis
638 3499 741 3555 Missis
753 3496 935 3557 Sanctorum.

267 3580 449 3640 Communia.

267 3662 327 3730 oui
346 3661 540 3719 meditabitur
559 3661 592 3716 in
609 3660 673 3737 lege
687 3660 811 3716 Domini
827 3660 874 3717 die
892 3680 926 3718 ac
940 3666 1044 3720 nocte:
1066 3661 1149 3719 dabit
1169 3662 1304 3723 fructum
1325 3685 1413 3723 suum

206 3743 238 3800 in
251 3749 383 3819 tempore
396 3763 456 3800 suo.
1178 3743 1180 3747 ’

266 3823 506 3881 Postcommunin

267 3904 411 3980 Percepta
423 3905 515 3975 nobis,
532 3903 669 3974 Domine,
685 3903 837 3978 proebeant
856 3909 1038 3960 sacramenta
1054 3905 1239 3963 subsidium:
1262 3913 1299 3964 ut
1312 3913 1344 3966 et
1356 3908 1415 3966 tibi

206 3992 291 4060 grata
305 3985 365 4041 sint
378 3991 479 4042 nostra
488 3985 611 4060 jejunia,
627 3989 657 4040 et
670 3984 754 4040 nobis
767 3983 922 4060 proficient
937 3985 974 4040 ad
987 3985 1137 4042 medelam.
1168 3985 1227 4044 Per
1237 3987 1412 4046 Dominum.

269 4062 386 4144 [Finita
399 4065 506 4122 ultima
517 4065 653 4122 Oratione
666 4065 715 4135 sic,
731 4065 789 4121 Per
804 4065 901 4122 omnia
915 4066 1020 4122 saecula
1034 4066 1207 4124 saeculorum
1221 4069 1302 4126 dicat
1316 4069 1415 4129 Sacer-

207 4148 259 4204 dos
273 4146 404 4202 Oremus.
448 4146 560 4204 Deinde
575 4147 654 4203 dicut
668 4145 935 4203 Diuersus-MS.
952 4144 1005 4226 D.]

268 4225 437 4283 Humiliate
454 4228 550 4302 capita
563 4232 662 4285 vestra
676 4226 748 4287 Deo,

267 4307 309 4364 Et
329 4305 429 4364 Oratio
450 4327 535 4381 super
550 4307 695 4382 populum
715 4308 797 4365 bodie
818 4317 844 4366 st
864 4308 899 4366 ab
920 4307 971 4366 icoc
990 4329 1080 4384 usque
1098 4310 1139 4367 ad
1156 4309 1268 4369 Oenam
1289 4312 1414 4370 Domini

208 4389 345 4458 dicatur,·
366 4387 426 4444 nisi
439 4387 473 4443 in
486 4388 657 4458 Dominicis,
674 4398 699 4446 ct
719 4389 753 4446 in
770 4389 872 4446 Missis
892 4390 926 4446 cte
946 4389 1070 4463 Sanctis,
1086 4399 1112 4449 st
1126 4390 1251 4451 Sabbata
1268 4392 1414 4464 Quattuor

211 4470 390 4544 Tcnrporum,
406 4469 458 4526 nbi
471 4489 530 4525 non
543 4467 664 4526 liabetur
679 4469 780 4528 Oratio
794 4491 879 4546 super
887 4470 1041 4545 papinium.
