2926 4996
493 348 588 414 Dum.
610 347 653 414 isa
677 348 805 415 Oetaeis
825 349 967 418 Paaehoe.

492 516 584 592 Cujus
596 516 770 575 resurreetio

532 598 623 656 Omni
635 599 722 675 plena
735 599 842 675 gaudio

572 677 748 736 Consolatur
760 679 867 737 omnia.

490 769 684 848 Resurgentis
697 771 798 849 itaque

530 851 629 910 Maria
643 852 817 929 Magdalene

571 932 662 990 Facta
675 941 720 990 est
732 934 918 1010 praenuntia;

489 1012 600 1071 Ferens
613 1014 724 1071 Christi
737 1015 879 1073 fratribus

531 1094 603 1170 Ejus
617 1101 711 1153 morte
723 1095 859 1152 tristibus

570 1176 750 1251 Exspectata
765 1176 880 1253 gaudia

398 1296 403 1309 =
490 1266 516 1324 0
530 1268 612 1324 beati
624 1268 710 1340 oculi,

531 1348 645 1417 Quibus
659 1349 772 1425 Regem
785 1348 885 1407 saeculi

570 1429 669 1487 Morte
679 1430 743 1505 jam
753 1430 886 1505 deposita

569 1510 671 1567 Prima
684 1516 730 1568 est
742 1510 872 1569 intuita!

488 1589 564 1647 Haee
578 1597 622 1648 eat
635 1590 688 1647 illa
700 1591 810 1649 femina

529 1671 621 1746 Cujus
635 1676 739 1729 cuncta
753 1671 878 1729 erimina

568 1751 620 1808 Ad
634 1752 746 1810 Christi
759 1753 885 1828 vestigia

568 1833 642 1908 Ejus
651 1833 726 1890 lavit
739 1832 841 1909 gratia.

488 1924 561 1994 Quae
575 1926 646 1983 dum
659 1925 756 2002 plorat
770 1932 800 1983 et
813 1945 897 1984 mena
910 1931 984 1998 orat,

527 2005 619 2063 Facto
632 2007 739 2064 clamat
753 2007 830 2083 quod
843 2026 894 2063 eor
907 2014 988 2064 amat

567 2088 589 2146 J
591 2107 672 2144 esum
686 2107 774 2163 super
787 2088 893 2145 omnia.

488 2167 559 2225 Non
573 2169 689 2243 ignorat
706 2187 792 2243 quem
807 2169 918 2240 adorat,

528 2249 608 2318 Quid
621 2255 774 2326 precetur3
796 2249 846 2306 sed
860 2249 975 2307 deletur

568 2330 654 2399 Quod
667 2349 749 2386 mena
762 2330 850 2387 timet
863 2330 985 2387 conscia.

487 2422 513 2480 Ο
529 2421 635 2494 Maria,
651 2428 747 2480 mater
759 2423 817 2499 pia,

528 2503 619 2561 Stella
632 2505 721 2560 maris
734 2503 890 2580 appellaris

566 2584 697 2660 Operum
710 2604 763 2660 per
776 2585 899 2642 merita!

486 2663 581 2721 Matri
595 2662 707 2722 Christi
720 2671 869 2740 coaequata

526 2745 608 2802 Dum
621 2745 705 2802 fuisti
718 2745 759 2802 sic
772 2752 884 2817 vocata,

566 2826 623 2883 Sed
636 2827 747 2883 honore
761 2825 886 2883 subdita

487 2919 546 2976 Illa
558 2920 664 2977 mundi
675 2920 860 2995 imperatrix,

525 3000 590 3057 Ista
604 3002 690 3057 beata
702 3000 861 3077 peccatrix,

564 3081 691 3139 Laetitiae
704 3081 865 3157 primordia

565 3162 721 3219 Fuderunt
734 3162 767 3218 in
780 3161 906 3221 eeclesia.

485 3241 545 3299 Illa
558 3243 637 3300 enim
650 3243 709 3301 fuit
722 3248 808 3319 porta

525 3323 585 3381 Per
597 3344 685 3400 quam
699 3323 759 3381 fuit
771 3323 826 3381 lux
839 3328 960 3395 exorta3

566 3405 640 3463 Haec
654 3404 833 3481 resurgentis
846 3404 953 3461 nuntia

565 3485 714 3543 Mundum
727 3484 821 3561 replet
833 3484 945 3542 laetitia.

485 3576 511 3634 Ο
527 3577 627 3644 Maria¹
639 3578 824 3654 Magdalena‚

523 3659 607 3716 Audi
620 3666 690 3715 vota
703 3659 789 3716 laude
802 3658 898 3735 plena,

564 3739 657 3815 Apud
671 3739 825 3818 Christum,
836 3739 958 3796 chorum
971 3737 1063 3796 iatum

564 3819 730 3877 Clementer
739 3819 862 3876 eoncilia
870 3838 880 3891 ;

484 3900 531 3960 Ut
544 3901 610 3958 fons
623 3919 744 3957 summae
757 3900 884 3976 putatia,

525 3982 584 4051 Qui
597 3986 628 4037 te
641 3980 716 4037 lavit
728 4001 746 4038 a
760 3981 885 4057 pereatis

565 4061 669 4119 Servos
683 4081 750 4120 auos
763 4068 852 4138 atque
866 4067 933 4119 tuoa

563 4142 692 4200 Mundet
704 4142 773 4200 data
784 4142 877 4200 venia.

483 4223 583 4282 Amen
598 4223 697 4282 dicant
711 4223 816 4281 omnia
