2926 4996
132 398 195 460 234
395 394 492 458 Dour.
515 392 593 458 citt.
614 400 689 478 post
714 395 849 459 Octavus
870 393 1077 459 Peritccostes.

189 559 337 636 Alleluya.
387 561 416 618 V.
440 561 598 618 Exsultate
612 561 677 618 Deo
691 561 839 637 adjutorio
859 566 961 618 nostro
971 581 979 631 ;
995 560 1127 636 jubilate
1146 561 1213 619 Deo
1226 561 1336 618 Jacob:

129 642 237 700 sumite
251 641 398 718 psalmum
408 643 574 717 jocundum
588 661 656 700 cum
670 642 793 699 cithara.

190 723 359 780 Secundam
373 723 411 779 M
409 743 511 780 arcum
525 723 592 800 (cii.
611 723 726 800 31-37).

191 805 229 860 Iu
244 803 296 860 illo
310 809 451 880 tempore,
467 804 579 862 Exiens
592 804 614 861 J
616 824 682 861 esus
696 806 732 861 de
746 803 856 860 finibus
870 803 950 878 Tyri,
965 804 1050 860 venit
1070 823 1124 882 per
1138 803 1282 862 Sidonem
1303 802 1336 862 ad

129 905 209 944 mare
221 885 351 942 Galiiaere
365 905 456 959 usqae
470 886 511 942 od
521 885 602 942 Bene
616 886 716 942 omniu
729 885 817 944 fecit:
839 890 869 942 et
879 885 984 943 surdos
994 884 1065 942 fecit
1075 885 1187 958 audire,
1200 891 1232 943 et
1243 892 1337 944 mutos

131 966 221 1042 loqui.

192 1047 385 1119 Qlfertoriuar.

190 1128 332 1185 Precatus
347 1135 391 1186 est
406 1129 525 1205 Moyses
539 1129 572 1185 in
586 1135 743 1204 conspectu
758 1127 880 1185 Domini
895 1128 954 1185 Dei
967 1128 1022 1200 sui,
1037 1133 1069 1185 et
1083 1128 1181 1187 dixit:
1202 1134 1335 1205 precatus

129 1215 174 1267 est
189 1209 308 1284 Moyses
321 1209 354 1266 in
368 1217 524 1286 conspectu
540 1209 664 1266 Domini
678 1209 736 1266 Dei
755 1209 810 1280 sui,
825 1215 855 1267 et
873 1209 968 1267 dixit:
991 1209 1098 1281 Quare,
1114 1209 1255 1283 Domine,
1271 1211 1336 1268 iras
1381 1204 1383 1208 ⁸

129 1290 203 1348 ceris
217 1290 249 1346 in
263 1291 375 1366 populo'
386 1297 456 1347 tuo:
477 1311 564 1366 parce
584 1292 635 1346 irae
656 1290 748 1346 animi
764 1291 833 1347 'tuiz
855 1297 1003 1348 memento
1017 1290 1183 1362 Abraham,
1199 1290 1293 1363 Isaac,
1307 1298 1334 1349 et

129 1372 241 1429 Jacob:
263 1372 371 1447 quibus
387 1372 498 1447 jurasti
518 1373 588 1429 dare
608 1378 718 1428 terram
732 1371 874 1428 fluentem
888 1370 934 1442 lac
948 1383 978 1428 et
992 1371 1067 1429 mel:
1089 1377 1120 1430 et
1133 1373 1270 1448 placatus
1283 1373 1334 1430 fac*

128 1459 178 1513 tus
192 1461 237 1509 est
252 1453 400 1510 Dominus
414 1453 450 1510 de
464 1452 658 1529 malignitate,
675 1472 764 1528 quam
778 1453 856 1509 dixit
870 1453 965 1510 facere
978 1453 1088 1530 populo
1101 1472 1163 1512 suo.

190 1534 311 1592 Secreto.

190 1615 325 1690 Respice,
341 1634 517 1690 quaesumus,
532 1615 669 1686 Domine,
684 1620 818 1673 nostram
832 1614 978 1691 propitius
992 1616 1186 1673 servitutem:
1208 1622 1245 1672 ut
1258 1611 1331 1692 quod

129 1695 279 1752 offerimus
299 1696 339 1752 sit
360 1696 415 1752 tibi
436 1716 545 1754 munus
565 1701 726 1773 acceptum,
741 1696 839 1771 sitque
857 1705 964 1754 nostrae
983 1695 1140 1772 fragilitati
1161 1697 1328 1754 subsidium.
1368 1727 1371 1734 ·

130 1776 195 1835 Per.
264 1789 266 1794 ’
832 1809 834 1813 >

192 1856 372 1917 Commutato.

191 1940 238 1995 De
265 1938 365 1996 fructu
393 1959 515 2015 operum
543 1945 672 2003 tuorum,
699 1939 836 2009 Domine,
861 1939 1018 1996 satiabitur
1045 1944 1142 1997 terra:
1172 1945 1209 1998 ut
1233 1940 1329 1998 educas

128 2039 236 2099 panem
257 2020 292 2077 de
312 2023 566 2091 ter1·a,etvinum
586 2020 717 2078 laetificet
738 2040 787 2078 cor
807 2020 953 2091 hominis;
974 2027 1010 2078 ut
1024 2021 1171 2078 exhilaret
1184 2022 1289 2080 faciem
1300 2021 1328 2077 in

130 2101 203 2172 oleo,
219 2107 249 2158 et
263 2102 349 2177 panis
361 2121 412 2159 cor
424 2102 553 2159 hominis
567 2103 729 2160 confirmat.

191 2183 434 2240 Postcommuaio.

192 2265 370 2336 Sentiamus,
382 2265 520 2338 Domine,
531 2284 708 2341 quaesumus
720 2264 767 2321 tui
780 2264 967 2340 perceptione
981 2265 1158 2322 sacramenti
1171 2264 1326 2322 subsidium

129 2347 237 2402 urentis
254 2350 285 2401 et
303 2347 433 2421 corporis
443 2367 450 2418 3
471 2352 507 2404 ut
527 2347 560 2403 in
580 2353 707 2421 utroque
728 2345 843 2417 salvati,
865 2345 988 2402 caelestis
1008 2346 1129 2402 remedii
1152 2346 1326 2422 plenitudine

129 2427 298 2503 gloriemur.
344 2427 410 2485 Per.

603 2559 704 2617 Fssm
726 2559 863 2628 Quium.

190 2682 241 2738 Act
255 2680 422 2740 Coriatbr'os
436 2682 475 2756 (2
490 2681 526 2738 iv.
545 2682 640 2758 5-10).

190 2764 327 2820 Fratres:
348 2763 419 2819 Non
440 2764 633 2839 praedicamus
653 2769 769 2821 nosmet
783 2763 862 2840 ipsos
875 2783 967 2838 usquc
980 2763 1021 2821 ad
1034 2763 1066 2820 in
1080 2763 1251 2840 corporibus
1269 2781 1323 2820 nos·

130 2845 185 2903 tris
199 2843 413 2900 manifestetur.

191 2925 358 2982 Secundum
372 2923 411 2979 M
409 2925 547 2982 ottbocum
560 2926 577 3003 (
578 2927 617 2983 ia.
634 2926 750 3002 27-35).

191 3007 230 3063 In
243 3004 296 3062 illo
310 3011 450 3081 tempore,
466 3007 651 3064 Transeunte
664 3007 686 3064 J
688 3027 748 3077 esu,
763 3006 856 3064 secuti
871 3013 941 3063 sunt
955 3026 1023 3064 eum
1037 3007 1179 3065 duo'caeci
1192 3003 1321 3083 usquead

130 3097 159 3148 et
174 3107 293 3145 omnem
306 3087 521 3146 infirmitatem.

616 3217 717 3275 Fsrm
738 3217 848 3275 Suxrn.
879 3247 881 3254 ·

191 3331 241 3387 Ad
256 3331 423 3389 Corinthios
437 3332 474 3408 (2
495 3333 532 3389 iv.
552 3332 666 3409 11-18).

191 3413 328 3470 Fratres:
352 3413 473 3489 Semper
485 3433 538 3470 nos
553 3414 606 3489 qui
619 3413 748 3471 vivimus
762 3412 794 3470 in
808 3417 934 3470 mortem
948 3412 1096 3470 tradimur
1109 3433 1201 3488 usquc
1215 3411 1255 3471 ad
1267 3423 1320 3488 que

130 3501 228 3551 auteur
246 3515 306 3551 non
321 3495 470 3566 videntur,
486 3500 597 3551 aeterna
612 3503 691 3552 sunt.
1111 3496 1115 3500 ’

193 3575 362 3634 Secundum
376 3575 550 3632 Mattboeum
564 3575 621 3652 (cci.
638 3576 754 3654 20-24).

190 3657 229 3713 In
244 3656 295 3714 iilo
310 3664 450 3734 tempore,
466 3657 561 3733 Oaepit
574 3657 596 3714 J
598 3677 663 3714 esus
677 3658 854 3733 exprobrare
875 3655 1048 3714 civitatibus
1068 3676 1161 3732 usqae
1177 3657 1218 3714 ad
1237 3651 1322 3714 rumis·

130 3737 190 3796 sius
205 3740 262 3795 erit
276 3740 308 3795 in
323 3739 370 3796 die
379 3739 495 3814 judicii,
512 3758 600 3815 quam
615 3738 680 3796 tibi.

260 3923 422 3982 Doumrcr
443 3923 570 3981 Ducum
590 3939 702 3980 mmm
723 3938 794 3980 rosr
816 3921 957 3978 Ocrsvrs
977 3919 1200 3977 Prurrcosrss.

194 4036 334 4110 Qfficc‘rua.

192 4117 326 4194 Respice,
339 4117 476 4190 Domine,
488 4117 522 4175 in
531 4121 743 4174 testamentum
754 4121 841 4173 tuum
853 4137 858 4173 :
878 4119 909 4173 et
918 4111 1032 4172 animas
1041 4131 1206 4190 pauperum
1215 4117 1321 4170 tuorum

130 4219 167 4256 ne
186 4199 371 4275 derelinquas
391 4201 424 4256 iu
444 4200 552 4257 finem:
573 4218 707 4274 exsurge,
722 4197 858 4269 Domine,
873 4203 904 4253 et
920 4195 1023 4272 judica
1043 4213 1162 4252 causam
1182 4200 1281 4253 tuam:
1296 4193 1322 4247 ct

130 4299 168 4336 ne
183 4280 364 4338 obliviscaris
377 4301 462 4338 voces
476 4279 674 4357 quaerentium
688 4285 726 4336 te.

191 4360 335 4421 Psaburus.

193 4441 240 4500 Ut
253 4443 335 4518 quid,
350 4445 439 4515 Deus,
454 4443 591 4520 repulisti
604 4443 637 4500 in
655 4443 762 4500 finem:
784 4442 878 4500 iratus
899 4444 945 4498 est
964 4439 1048 4498 furor
1067 4444 1139 4498 tuus
1159 4457 1248 4517 super
1265 4449 1325 4496 oves
1345 4462 1348 4471 ·

133 4543 247 4601 pascuae
261 4527 340 4581 tuaei
1197 4559 1200 4564 -
