2926 4996
399 357 522 422 Modus
538 355 769 443 properandi
790 378 822 422 se
844 357 891 422 ccl
911 355 1064 422 Missam.
1270 359 1332 422 165
1344 375 1385 404 s
1460 334 1462 338 ¹

191 524 283 581 Panis
297 530 406 597 sancte,
420 523 505 600 panis
519 522 594 596 vive,
611 523 695 600 panis
708 523 838 600 pulcher,
853 523 939 600 panis
952 523 1070 597 munde,
1086 524 1139 600 qui
1158 522 1336 582 descendisti

129 606 165 663 de
179 606 251 663 caelo
265 610 295 663 et
316 605 368 662 das
381 605 475 662 vitam
489 604 609 676 mundo,
624 605 694 661 veni
714 606 747 661 in
767 624 937 674 cormeum,
952 610 983 662 et
1003 604 1115 662 munda
1132 624 1180 663 me
1194 604 1232 661 ab
1252 603 1336 661 omni

129 686 356 763 inquinamento
370 685 466 744 carnis
480 691 511 743 et
531 685 659 762 spiritus.
703 684 791 743 Intra
804 684 979 743 inanimam
992 704 1098 758 meam,
1112 705 1184 743 sana
1204 690 1235 743 et
1256 704 1336 743 sanc·

130 768 211 825 tifica
224 786 273 824 me
292 766 418 824 interius
431 771 462 824 et
475 766 614 824 exterius.
671 765 745 824 Esto
759 771 896 823 tutamen
910 772 941 824 εὴ
960 766 1102 824 continua
1115 767 1193 824 salus
1207 766 1337 842 corporis

129 853 159 906 et
173 847 281 922 animae
294 867 373 904 meae.
417 847 539 924 Repello
553 867 571 904 a
584 866 631 903 me
644 847 818 904 insidiantes
831 847 906 904 mihi
919 847 1017 904 hostes
1022 867 1031 921 ;
1052 847 1190 906 recedant
1202 847 1304 923 procul
1319 867 1338 903 a

129 929 288 1005 praesentia
301 927 441 1004 potentiae
454 924 523 999 tuae,
535 933 571 984 ut
582 927 665 984 intus
680 932 711 984 et
723 928 794 985 foris
807 928 942 985 munitus
954 947 1008 1004 per
1021 934 1052 985 te
1065 935 1146 987 recto
1164 927 1285 986 tramite
1298 927 1337 984 ad

129 1029 256 1086 regnum
279 1015 366 1066 tuum
386 1008 566 1085 perveniam,
583 1007 635 1065 ubi
654 1027 716 1066 non
735 1009 769 1064 in
789 1009 945 1084 mysteriis,
968 1009 1045 1066 sicut
1068 1009 1101 1066 in
1124 1008 1179 1068 hoc
1203 1015 1336 1085 tempore

130 1091 236 1167 agitur,
254 1090 305 1148 sed
326 1089 401 1147 facie
422 1089 460 1146 ad
481 1089 586 1146 faciem
607 1095 639 1146 te
659 1089 835 1162 videbimus,
856 1109 924 1147 cunr
946 1089 1102 1147 tradideris
1122 1109 1248 1167 regnum
1270 1088 1336 1146 Deo
1434 1098 1436 1106 “

131 1171 225 1242 Patri,
240 1177 271 1229 et
292 1170 374 1228 Deus
394 1170 453 1228 erit
473 1170 572 1227 omnia
591 1169 625 1227 in
645 1170 789 1231 omnibus.
833 1170 917 1227 Tunc
937 1169 1018 1228 enim
1037 1189 1085 1228 me
1106 1170 1142 1229 de
1162 1178 1193 1228 te
1215 1169 1337 1228 satiabis

130 1253 269 1310 satietate
282 1251 415 1324 mirifica,
430 1252 475 1308 ita
483 1257 519 1308 ut
533 1270 628 1327 neque
643 1251 770 1308 esuriam
783 1270 880 1328 neque
893 1251 994 1309 sitiam
1006 1250 1040 1308 in
1053 1257 1203 1310 aeternum.
1231 1303 1241 1333 Ι,

148 1571 155 1584 .
193 1478 320 1560 Quaado
337 1489 487 1566 presbyter
508 1488 587 1548 locat
608 1509 717 1549 manus
739 1509 810 1548 auos
833 1497 901 1548 crate
922 1489 1048 1548 Missam
1071 1489 1152 1548 dicct
1174 1489 1250 1547 dccc
1272 1508 1337 1547 orc-

132 1580 247 1630 tanam.

192 1666 316 1744 Largire
338 1667 470 1726 sensibus
491 1668 609 1741 nostris,
625 1668 810 1745 omnipotens
830 1668 930 1741 Pater,
953 1672 988 1726 ut
1009 1667 1087 1725 sicut
1105 1667 1154 1726 hic
1174 1667 1338 1725 abluuntur

131 1748 358 1824 inquinamenta
378 1767 543 1821 manuum;
573 1749 617 1806 ita
638 1755 706 1807 ate
727 1749 910 1806 mundentur
930 1749 1109 1826 pollutiones
1130 1749 1286 1820 mentium,
1307 1752 1338 1806 et

132 1834 241 1886 crescat
274 1829 307 1886 in
336 1829 422 1887 nobis
456 1836 649 1906 augmentum
683 1836 853 1888 sanctarum
879 1829 1036 1888 virtutum.
1098 1828 1157 1887 Per
1185 1829 1336 1887 Christum

133 1909 304 1967 Dominum.

192 1990 372 2066 Antiphone.
1457 2046 1463 2071 4

193 2071 331 2129 Introibo
344 2071 382 2129 ad
395 2070 489 2128 altare
502 2071 568 2143 Dei,
583 2071 621 2129 ad
634 2072 734 2130 Deum
748 2072 800 2148 qui
813 2071 944 2130 laetificat
954 2073 1145 2148 juventutem
1158 2091 1261 2129 meam.
1320 2079 1375 2141 Lu
1404 2067 1451 2137 ‘3⁰

192 2153 243 2211 Pe.
286 2152 395 2210 Judica
408 2172 463 2224 me,
481 2153 573 2224 Deus,
587 2159 618 2210 et
631 2153 762 2211 discerne
777 2173 843 2211 cum
857 2152 959 2210 Gloria
972 2153 1057 2210 Patri
1071 2158 1102 2210 et
1116 2151 1200 2210 Filio.
1420 2187 1449 2217 ,f

285 2233 382 2309 Kyrie
396 2233 520 2309 eleyson.
565 2234 683 2292 Christe
697 2234 823 2310 eleyson
865 2233 963 2310 Kyrie
977 2234 1095 2311 eleyson

283 2314 375 2371 Pater
388 2320 495 2372 noster.
536 2314 578 2372 Et
592 2334 630 2372 ne
643 2335 704 2372 nos.

284 2395 432 2453 'Ostende
446 2394 540 2467 nobis,
555 2394 691 2454 Domine.

286 2475 456 2534 Sacerdotes
469 2476 516 2533 tui
528 2476 700 2534 induantur.

286 2555 416 2614 Domine
429 2556 545 2615 exaudi.
589 2558 630 2615 Et
645 2558 762 2615 clamor.
835 2612 837 2616 ,
938 2598 941 2601 ·

286 2637 434 2695 Dominus
447 2638 607 2697 vobiscum.
1140 2701 1142 2708 ,

85 2671 114 2760 Γ
192 2718 338 2776 Actiones
363 2725 488 2791 nostras,
517 2738 694 2795 quaesumus,
724 2717 862 2791 Domine,
892 2717 1049 2794 aspirando
1075 2717 1214 2795 praeveni,
1237 2722 1268 2774 et
1292 2716 1340 2774 ad-

132 2799 265 2877 juvando
286 2812 480 2876 prosequere:
501 2806 536 2857 ut
555 2807 661 2857 cuncta
678 2806 780 2857 nostra
801 2799 933 2875 operatio
947 2805 978 2857 et
991 2819 1009 2856 a
1022 2806 1053 2857 te
1072 2818 1188 2876 semper
1207 2798 1330 2874 incipiat

135 2887 164 2939 et
177 2901 231 2958 per
245 2887 276 2938 te
290 2886 382 2957 caepta
395 2881 525 2938 finiatur.
568 2881 628 2938 Per
643 2880 808 2938 Dominum
821 2885 965 2939 nostrum.

193 2963 296 3039 Aures
315 2967 375 3018 tuae
395 2961 523 3038 pietatis,
538 2961 693 3020 mitissime
707 2962 798 3034 Deus,
813 2961 934 3019 inclina-
945 2961 1080 3038 precibus
1092 2959 1175 3033 meis,
1190 2967 1222 3019 et
1244 2959 1338 3037 gratia

135 3043 237 3100 Sancti
258 3041 387 3119 Spiritus
406 3042 544 3100 illumina
556 3062 606 3100 cor
619 3062 739 3115 meum;
758 3049 795 3100 ut
814 3042 1041 3118 tuis-mysteriis
1061 3041 1149 3119 digne
1162 3041 1340 3113 ministrare,

85 3181 99 3235 k
134 3130 222 3200 teque
234 3128 354 3260 lprpterna
373 3123 497 3182 caritate
518 3123 649 3201 diligere,
668 3130 699 3182 et
719 3124 899 3201 sempiterna
918 3124 1027 3200 gaudia
1049 3123 1198 3200 percipere
1219 3141 1339 3180 merear.

136 3204 232 3262 PerO
271 3204 370 3262 istum.
706 3224 714 3238 ·

141 3525 166 3583 V
194 3442 335 3582 Sacelrdoc
342 3444 484 3502 introiens
494 3445 534 3502 ad
541 3443 643 3503 Altero
657 3452 683 3503 et
690 3443 934 3520 procedentibuc†
945 3443 980 3501 io
992 3443 1095 3502 ordine
1102 3441 1253 3500 Misictri
1263 3441 1342 3500 dicct

162 3545 256 3583 ersten
268 3545 328 3582 um.
947 3545 949 3548 ⁴

194 3621 388 3680 Confitemini
407 3623 537 3682 Domino
558 3623 699 3700 quoniam
718 3623 833 3681 bonus:
857 3621 998 3700 quoniam
1018 3621 1051 3678 in
1071 3620 1211 3680 saeculum
1230 3620 1352 3681 miseri·

136 3703 237 3762 cordia
250 3704 322 3780 ejus.

197 3783 353 3859 Oonfhasia

196 3865 349 3923 Confiteor
368 3865 441 3937 Deo,
461 3864 555 3924 beatae
572 3864 684 3939 Mariae,
701 3865 838 3923 omnibus
858 3865 975 3939 sanctis,
991 3871 1022 3923 et
1035 3864 1125 3939 vobis,
1141 3865 1257 3937 fratres,
1272 3863 1343 3941 quia

136 3966 188 4024 ego
201 3951 339 4023 peccator
356 3946 475 4022 peccavi
491 3946 581 4004 nimis
599 3946 694 4018 corde,
709 3966 767 4018 ore,
782 3966 877 4023 opere,
893 3946 1058 4018 omissione,
1074 3966 1139 4004 mea
1153 3946 1256 4022 eulpa:
1276 3945 1343 4003 ideo

135 4047 238 4104 precor
258 4026 498 4104 gloriosissimam
517 4026 577 4085 Dei
589 4028 767 4105 genetricem
788 4026 918 4085 Mariam
937 4033 968 4086 et
988 4047 1089 4085 omnes
1110 4033 1226 4086 sanctos
1239 4026 1299 4084 Dei
1312 4032 1343 4087 et

137 4128 189 4165 vos
203 4127 289 4165 orare
301 4127 355 4184 pro
368 4126 423 4167 me.

196 4189 378 4246 Misereatur
397 4189 489 4247 vestri
510 4189 695 4265 omnipotens
715 4189 807 4262 Deus,
822 4195 853 4247 et
866 4189 1000 4248 dimittat
1014 4190 1099 4248 vobis
1112 4189 1212 4248 omnia
1224 4193 1340 4266 peccate

138 4276 236 4326 vestra
247 4288 256 4342 3
276 4268 384 4327 liberet
396 4288 448 4327 vos
462 4269 499 4327 ab
513 4270 596 4327 omni
608 4270 705 4343 malo;
726 4276 879 4329 conservet
892 4277 923 4328 et
935 4271 1089 4329 confirmet
1101 4271 1135 4328 in
1155 4272 1238 4328 omni
1257 4288 1343 4348 opere

139 4350 214 4408 bono
219 4370 228 4424 ;
250 4355 281 4408 et
294 4350 436 4427 perducat
449 4350 554 4409 vos'ad
566 4351 660 4408 vitam
675 4357 824 4410 aeternam.
869 4349 1137 4433 [Amen—MSS]

155 4501 167 4528 ¹
176 4500 251 4552 MSS.
263 4499 324 4546 omit
334 4500 397 4546 from
404 4500 453 4547 this
460 4502 487 4547 to
494 4502 554 4546 next
561 4499 786 4548 rubrio-Sacerdos
794 4502 911 4560 introiens,
918 4503 956 4563 (tc.
1021 4501 1326 4565 ‘MSS-precedentibus.
