2926 4996
607 351 727 416 Cenon
748 347 870 417 Missae.
903 323 908 334 .
1263 335 1345 420 '18e

269 516 335 577 MS.
358 518 394 577 B.
609 517 675 576 MS.
701 517 733 577 0.
978 517 1044 576 MS.
1060 520 1231 578 Burman.

195 625 292 701 Supra
312 644 378 701 quae
398 623 528 701 propitio
548 644 582 682 ac
606 644 707 682 sereno
728 624 815 681 vultu
841 625 984 700 respicere
1011 625 1148 703 digneris,
1171 634 1202 685 et
1222 634 1342 706 accepta

132 722 242 780 hebere
256 723 332 780 sicut
347 719 586 802 [Brea—sicuti]
601 728 720 798 accepta
733 721 841 780 habere
862 723 1000 798 dignatus
1014 743 1044 781 es
1057 744 1181 782 munera
1193 727 1280 802 pueri
1293 728 1341 784 tui

128 820 205 896 justi
218 819 307 890 Abel,
323 825 354 877 et
368 819 544 876 sacrificium
560 818 735 895 patriarchae
756 819 852 876 nostri
865 819 1004 893 Abrahae,
1020 828 1056 878 et·
1065 822 1145 898 quod
1157 823 1216 879 tibi
1229 824 1341 882 obtulit

134 935 271 974 summus
286 916 418 974 sacerdos
438 921 510 974 tuus
523 915 748 990 Melchisedech,
764 921 899 973 sanctum
919 917 1103 990 sacrificium,
1118 919 1339 979 immesculatam

135 1013 270 1072 hostiam.

820 1110 881 1168 Hic
907 1111 1026 1170 inclinet
1053 1133 1156 1188 empus
1183 1124 1209 1173 et
1232 1135 1340 1174 manus

820 1191 991 1328 &caecitates
1022 1195 1063 1251 ed
1089 1196 1209 1254 medune
1236 1197 1338 1271 crucis,

842 1281 923 1332 acet:

111 1762 113 1766 Α
194 1664 346 1770 Supplices
366 1698 397 1750 te
417 1711 562 1769 rogemus,
579 1691 766 1769 omnipotens
780 1692 871 1765 Deus,
885 1694 957 1770 jube
977 1694 1039 1752 haec
1059 1695 1183 1773 perferri
1205 1695 1339 1778 [Brea.-

128 1788 278 1871 praeferri]
299 1810 352 1869 per
371 1810 476 1847 manus
496 1789 590 1847 sancti
610 1790 708 1866 angeli
726 1790 773 1846 tui
793 1790 825 1846 in
845 1791 971 1849 sublime
984 1793 1085 1852 *altare
1105 1802 1200 1868 tuum,
1221 1796 1254 1854 in
1274 1795 1338 1855 con-

378 1893 480 1965 spectu
498 1886 606 1944 divinae
626 1887 789 1963 mejestatis
809 1893 878 1962 tuae,
898 1895 933 1946 ut
951 1895 1096 1967 quotquot

488 2165 527 2203 ex
539 2147 595 2205 hac
608 2145 724 2204 Altaria
738 2146 973 2223 participatione,

821 2244 861 2301 In
884 2245 1004 2302 nomine
1024 2245 1132 2317 Patris,
1154 2253 1185 2305 et
1205 2248 1284 2323 Filii,
1305 2256 1341 2308 et

820 2341 949 2417 Spiritus
963 2343 1073 2416 Sancti,
1149 2345 1152 2351 '

819 2438 878 2495 Hic
891 2439 983 2513 carpat
996 2460 1024 2498 se
1038 2449 1064 2498 et
1074 2441 1337 2517 oacceleturrlltcre,

819 2528 845 2577 et
858 2520 957 2579 dicct:

537 2621 751 2674 sacrosanctum
766 2615 855 2673 *Filii
868 2615 933 2673 tui*

820 2713 1339 2792 HicaiymtaeperHoaticm,diceea.·

666 2814 699 2852 co
775 2813 811 2851 us

700 2793 775 2873 &p
818 2875 860 2932 Ea
874 2896 960 2952 super
974 2875 1109 2937 Calicem.

484 2976 514 3030 et
535 2969 748 3050 sanfflguinem
768 2976 979 3050 sumpserimus

438 3058 440 3062 ⁷
819 3071 880 3129 Hic
893 3075 1134 3149 aipnetcee'paune,
1150 3075 1248 3134 dicens
1260 3097 1270 3132 :

133 3168 213 3225 omni
233 3164 477 3246 benefflclictione
498 3165 605 3224 caelesti
627 3172 658 3223 et
675 3166 771 3242 gratia
784 3168 956 3242 repleamur.
999 3169 1078 3227 tPer
1091 3172 1217 3228 eundem
1230 3173 1252 3230 J
1254 3192 1336 3230 esum

410 3263 561 3321 Christum
575 3263 739 3320 Dominum
752 3270 894 3322 nostrum.
936 3266 1067 3330 Amen.†

817 3361 857 3417 M
854 3362 962 3418 encoriu
970 3383 1028 3437 pro
1043 3362 1196 3437 defunctae.

193 3461 347 3518 Memento
367 3460 466 3533 etiam,
481 3458 618 3531 Domine,
634 3458 812 3516 famulorum
832 3458 1067 3535 famularumque
1087 3466 1208 3518 tuarum
1228 3461 1268 3519 N.
1293 3459 1340 3541 [et

132 3555 312 3638 M-Brev.]
328 3558 379 3636 qui
392 3577 445 3614 nos
458 3563 669 3633 praecesserunt
686 3577 754 3614 cum
770 3557 854 3634 signo
872 3558 949 3629 fidei,
965 3564 995 3615 et
1008 3559 1160 3616 dormiunt
1180 3559 1212 3616 in
1233 3579 1335 3617 somno

132 3656 219 3731 pacis.
263 3654 350 3730 Ipsis,
367 3655 503 3726 Domine,
519 3659 549 3712 et
563 3654 699 3712 omnibus
711 3656 744 3711 in
760 3655 878 3713 Christo
898 3657 1116 3731 quiescentibus
1136 3657 1234 3714 locum
1253 3657 1337 3714 refri-

132 3755 215 3831 gerii,
230 3753 314 3826 lucis,
324 3759 359 3810 ¹et
377 3753 457 3829 pacis
477 3759 512 3809 ut
532 3753 685 3830 indulgeas
705 3753 922 3830 deprecamurss
963 3753 1022 3811 Per
1042 3754 1168 3812 eundem
1182 3754 1335 3837 Christum

133 3853 297 3910 Dominum
311 3833 454 3910 nostrum.
496 3851 622 3927 Amen.§

572 3950 632 4007 Hic
670 3951 776 4007 tundet
817 3950 876 4007 Hic
903 3949 1042 4008 Sacerdos
1064 3950 1212 4025 percutiet
1233 3959 1336 4027 pectus

570 4041 774 4107 pectusculum.
818 4031 1007 4106 aliquantum
1021 4031 1120 4103 altius,
1136 4031 1252 4090 dicens:

173 4130 269 4187 Nobis
283 4149 399 4207 quoque
415 4129 616 4207 peccatoribus
632 4129 750 4186 famulis
764 4128 834 4199 tuis,
849 4128 885 4185 de
899 4129 1093 4187 multitudine
1111 4129 1335 4188 miserationum

177 4271 189 4293 „
260 4294 290 4301 -
357 4267 362 4278 .

175 4267 510 4399 ptiiiTclvicipiffMerryeundem
522 4335 652 4382 Christum
684 4334 988 4382 MS.Gomits“Jesum.”
1018 4336 1318 4384 MS.Bon1its“Amcn.”

175 4412 188 4470 ζ
204 4411 268 4454 Hcre
284 4422 429 4454 commences
444 4408 497 4453 MS.
515 4407 540 4452 C.

177 4484 189 4543 §
206 4482 323 4540 Breviary
338 4480 409 4526 omits
425 4480 577 4526 “Dominum
592 4482 707 4526 nostrum.
740 4479 838 4525 Amcn.’'
