2926 4996
521 338 661 405 Sabbata
682 338 725 404 ia
745 338 852 405 Albis.
1225 343 1287 411 185

144 504 301 581 Sequentia
314 506 408 564 sana
421 505 583 580 nunquit
618 506 786 565 Secundum
798 505 973 564 Mattianum
993 505 1110 583 (cxviii.
1130 506 1244 586 16-20).

147 586 186 644 In
199 587 252 644 illo
265 592 404 663 tempore,
419 586 568 645 Undecim
582 587 719 663 discipuli
731 587 869 645 abierunt
882 587 916 644 in
929 587 1091 661 Galilaeam,
1107 589 1141 645 in
1153 594 1286 647 montem

93 667 138 724 rbi
151 668 344 725 constituerat
358 668 417 724 illis
430 669 452 727 J
454 688 518 725 esus
532 688 622 742 usque
636 669 676 725 ad
690 668 731 725 Et
744 687 809 726 ecce
825 687 878 746 ego
891 669 1043 727 vobiscum
1063 689 1130 726 sum
1149 669 1286 728 omnibus

93 747 197 821 liebus,
213 768 305 824 usque
318 749 357 806 ad
370 750 653 807 consummationem
666 748 772 807 saeculi.

147 828 248 887 (iredo.

148 910 340 985 Offirtoriune.
1218 943 1220 947 ·

146 991 215 1048 Erit
227 993 310 1050 vobis
329 991 379 1049 hic
392 991 454 1049 dies
473 990 658 1063 memorialis,
673 990 818 1066 alleluya:
839 996 870 1048 et
883 991 962 1048 diem
979 992 1088 1050 festum
1102 991 1286 1052 celebrabitis

93 1070 255 1129 sollemnem
273 1073 403 1130 Domino
421 1073 454 1128 in
472 1071 619 1148 progeniis
633 1071 759 1129 vestris:
786 1071 954 1148 legitimum
968 1073 1182 1150 sempiternum
1197 1074 1284 1146 diem,

93 1152 220 1228 alleluya,
236 1153 371 1228 alleluya,
385 1153 520 1229 alleluya.

143 1233 264 1292 Secreta.

144 1313 277 1387 Hostias,
293 1333 467 1390 quaesumus,
482 1313 618 1386 Domine,
633 1312 765 1389 placatus
775 1334 906 1372 assume:
921 1334 994 1390 quas
1008 1320 1038 1372 et
1051 1335 1105 1392 pro
1115 1321 1286 1375 renatorum

93 1395 253 1470 expiatione
270 1396 382 1471 peccati
395 1395 561 1468 deferimus,
576 1401 606 1452 et
627 1413 680 1471 pro
701 1395 909 1453 acceleratione
930 1397 1051 1454 caelestis
1071 1397 1184 1454 auxilii.
1227 1397 1287 1455 Per

93 1475 249 1532 Dominum
262 1482 405 1533 nostrum.

144 1556 294 1630 Proefatio.
338 1557 379 1614 Et
392 1563 422 1613 te
436 1557 563 1633 quidem.
607 1555 865 1615 Communicantes
878 1567 904 1616 et
918 1557 1007 1615 Hanc
1022 1557 1121 1635 igitur.

147 1636 328 1695 Communia.

145 1717 224 1777 Data
237 1725 282 1775 est
300 1718 374 1775 mihi
394 1719 488 1776 omnis
508 1723 638 1794 potestas
658 1717 691 1774 iu
714 1718 784 1775 caelo
803 1724 834 1776 et
853 1719 886 1775 in
907 1724 996 1791 terra,
1011 1719 1158 1794 alleluya:
1182 1724 1286 1778 euntes

93 1798 186 1857 locete
197 1817 298 1856 omnes
308 1805 418 1874 gentes,
429 1800 612 1875 baptizantes
622 1818 671 1856 eos
681 1799 713 1854 in
723 1800 842 1858 nomine
853 1800 960 1872 Patris,
974 1806 1004 1857 et
1018 1800 1097 1872 Filii,
1112 1808 1143 1858 et
1157 1800 1286 1878 Spiritus

93 1878 195 1951 lancti,
210 1880 344 1954 alleluya,
359 1879 493 1956 alleluya.

145 1960 385 2018 Poatcomamaio.

145 2041 279 2117 Respice,
306 2060 481 2116 quaesumus,
508 2041 646 2113 Domine,
681 2041 824 2118 populum
857 2047 953 2113 tuum,
981 2047 1012 2099 et
1046 2061 1133 2119 quem
1167 2042 1285 2102 aeternis

93 2120 222 2197 lignatus
236 2141 266 2178 es
278 2122 421 2180 innovare
435 2122 589 2198 mysteriis,
604 2142 622 2179 a
641 2123 853 2200 temporalibus
873 2123 966 2200 culpis
980 2123 1137 2200 dignanter
1156 2124 1283 2183 absolve.

93 2201 144 2258 Per
158 2202 328 2260 Dominum.

616 2339 761 2399 Sannum.

146 2435 285 2510 Officium.

144 2517 259 2574 Eduxit
280 2516 426 2572 Dominus
439 2515 581 2592 populum
595 2516 728 2573 suumin
742 2515 947 2588 exsultatione,
963 2515 1109 2591 alleluya:
1130 2520 1161 2572 et
1179 2514 1286 2574 electos

93 2617 151 2656 tuos
166 2599 199 2655 in
212 2597 325 2670 laetitia,
340 2597 476 2672 alleluya,
492 2597 626 2672 alleluya.

144 2678 289 2736 Patmos.
1226 2744 1229 2751 .

145 2758 336 2817 confitemini
349 2758 473 2816 Domini
487 2764 517 2816 et
530 2759 665 2816 invocate
678 2778 787 2817 nomen
801 2758 879 2834 ejus:
900 2758 1076 2817 annuntiate
1089 2757 1171 2816 inter
1182 2763 1286 2835 gentes

93 2858 172 2917 >pera
185 2840 257 2915 ejus.

105 2971 108 2977 ,
145 2921 255 2979 Oratio.

144 3002 288 3072 Concede,
308 3020 483 3076 quaesumus,
503 3001 688 3077 omnipotens
709 3001 799 3074 Deua,
814 3006 849 3058 ut
870 3001 921 3077 qui
941 2999 1016 3058 festa
1036 3002 1184 3077 paschalia
1196 3020 1284 3060 uene·

93 3084 175 3140 undo
198 3084 319 3159 egimus,
340 3101 393 3159 per
417 3082 479 3139 haec
501 3083 672 3159 contingere
692 3083 730 3140 ad
754 3082 862 3159 gaudia
882 3088 992 3139 aeterna
1012 3101 1183 3141 mereamur.
1226 3082 1286 3141 Per

93 3161 256 3222 Dominum.

142 3246 239 3303 Lectio
252 3243 389 3319 Epistola
402 3244 477 3301 beuti
490 3244 572 3301 Petri
585 3241 715 3318 Apostoli
727 3241 762 3321 (l
784 3244 815 3301 ii.
834 3243 903 3300 1-10
905 3243 929 3320 )

144 3325 310 3383 Uerissimi:
325 3325 513 3401 Deponentes
524 3325 617 3400 igitur
627 3344 743 3382 omnem
756 3324 901 3383 malitiam
911 3331 941 3382 et
955 3344 1073 3382 omnem
1083 3324 1183 3382 dolum
1193 3343 1283 3400 usque

93 3408 123 3464 td
136 3426 217 3463 nunc
230 3412 329 3462 autem
344 3406 572 3462 misericordiam
585 3406 740 3463 consecuti.

142 3487 285 3562 Alleluya
304 3487 333 3544 V.
376 3486 452 3544 Haec
466 3486 527 3543 dies
541 3505 630 3561 quam
643 3486 714 3544 fecit
727 3486 890 3544 Dominus:
912 3486 1092 3544 exsultemus
1106 3489 1137 3543 et
1149 3485 1286 3545 latemur

94 3584 116 3625 n
129 3588 170 3626 ea.

142 3649 285 3723 Alleluya
304 3648 333 3706 V.
376 3647 517 3720 Laudate,
533 3648 625 3724 pueri,
641 3647 822 3706 Dominum:
842 3648 960 3706 laudate
974 3667 1081 3706 nomen
1095 3646 1240 3707 Domini..

143 3728 307 3804 Sequentia
1211 3733 1213 3738 ⁴

144 3810 202 3868 Dic
215 3811 300 3867 nobis
314 3810 420 3885 quibus
434 3808 569 3868 aetheris*
581 3828 660 3867 nova

144 3890 258 3949 Cuncto
271 3891 383 3948 mundo
396 3891 538 3949 nuntians
552 3891 668 3968 gaudia,

145 3971 287 4029 Nostram
301 3990 402 4029 rursus
415 3971 536 4033 visitasi
550 3972 699 4048 patriamt

144 4051 335 4129 Respondeas
348 4051 462 4128 placido
475 4053 564 4110 vultu
577 4053 656 4111 clara
668 4072 739 4110 voce
752 4052 831 4110 dixit
837 4071 846 4125 3
868 4052 1017 4128 Alleluya,

144 4133 278 4208 Angelus
292 4133 366 4190 mihi
380 4133 416 4190 de
431 4132 550 4191 Christo
563 4133 707 4192 indicavit
719 4134 769 4210 pia
782 4134 932 4205 miracula,

145 4213 351 4271 Resurrexisse
365 4214 528 4272 Dominum
542 4215 672 4272 siderum
685 4215 792 4272 cecinit
805 4235 876 4272 voce
890 4214 1044 4272 laudanda.

144 4373 156 4397 ⁸
172 4373 205 4419 So
220 4374 281 4420 Edu.
298 4375 346 4420 and
360 4375 448 4432 MSS.;
472 4375 559 4421 Sarum
575 4374 636 4425 Edd.
655 4389 716 4435 vary
730 4375 840 4421 between
855 4376 951 4421 aetheris
967 4376 1014 4421 and
1031 4390 1044 4422 e
1060 4376 1144 4435 terris;
1167 4377 1287 4427 Hereicrd.

93 4430 188 4478 athen&
355 4493 369 4553 †
384 4492 456 4538 Mae.
468 4493 529 4539 Edd
540 4494 589 4539 and
599 4493 686 4541 Serum
696 4492 744 4539 and
754 4492 1013 4543 nereford-visitans.
