2926 4996
133 378 195 443 120
352 379 494 446 Sobbuto
508 379 639 446 Sancto.
687 379 950 468 Quintoportitn
963 382 1118 449 bitunia.

291 546 361 617 Fili,
375 547 558 623 Redemptor
569 547 675 604 mundi
688 547 778 621 Deus,
794 549 932 607 miserere
946 551 1038 610 nobis.

292 627 421 704 Spiritus
436 628 543 685 Sancte
557 628 649 700 Deus,
662 629 799 688 miserere
813 631 904 688 nobis.

195 744 199 756 ·
292 708 401 766 Sancta
414 708 554 781 Trinitas,
564 728 642 766 unus
656 710 747 781 Deus,
761 710 898 770 miserere
911 711 1002 770 nobis.

292 788 401 846 Sancta
415 789 521 862 Maria,
537 809 588 847 ora
601 809 654 866 pro
668 791 762 849 nobis.

293 870 401 928 Sancte
415 869 553 941 Michael,
569 890 620 928 ora

292 950 403 1008 Omnes
416 950 512 1008 sancti
524 951 637 1027 Angeli
649 957 680 1009 et
693 951 875 1029 Archangeli
888 952 956 1026 Dei,
971 959 1054 1012 orate

293 1031 403 1090 Omnes
416 1031 512 1089 sancti
524 1032 679 1090 beatorum
692 1034 852 1109 spirituum
865 1034 991 1108 ordines,
1006 1041 1089 1093 orate

293 1112 400 1170 Sancte
414 1112 436 1170 J
438 1113 567 1170 ohannes
581 1113 726 1190 Baptista,
742 1134 794 1173 ora

293 1194 404 1251 Omnes
417 1194 511 1251 sancti
524 1193 705 1252 Patriarchae
719 1201 750 1253 et
764 1195 928 1273 Prophetae,
945 1202 1026 1254 orate

293 1274 400 1332 Sancte
414 1273 513 1351 Petre,
528 1275 558 1332 ii.
575 1294 627 1332 ora

293 1354 400 1412 Sancte
415 1355 517 1427 Paule,
533 1375 584 1413 ora

294 1435 401 1493 Sancte
415 1436 545 1509 Andrea,
562 1456 614 1494 ora
825 1494 827 1497 .

293 1516 403 1575 Omnes
417 1518 511 1574 sancti
524 1518 665 1593 Apostoli
678 1523 709 1575 et
721 1517 929 1596 Evangelistae,
945 1524 1026 1578 orate

293 1597 403 1655 Omnes
417 1599 511 1655 sancti
524 1598 661 1676 discipuli
674 1599 807 1671 Domini,
822 1605 904 1658 orate

264 1714 266 1719 ·
293 1677 403 1736 Omnes
417 1679 512 1736 sancti
525 1680 713 1754 Innocentes,
727 1686 810 1738 orate

293 1759 400 1818 Sancte
414 1759 570 1836 Stephane,
586 1781 638 1818 ora

292 1840 399 1898 Sancte
414 1840 498 1912 Line,
513 1861 564 1898 ora

293 1921 399 1979 Sancte
417 1921 509 1995 Olete,
526 1941 577 1980 ora

287 2002 403 2060 Omnes
420 2003 514 2060 sancti
528 2001 686 2080 Martyres
697 2008 785 2062 orate

292 2083 399 2142 Sancte
413 2084 571 2160 Sylvester,
586 2104 638 2142 ora

161 2198 164 2208 ·
230 2186 233 2191 ·
293 2164 400 2223 Sancte
415 2165 557 2238 Martine,
573 2185 624 2222 ora

293 2246 400 2304 Sancte
414 2246 582 2318 Benedicte,
599 2266 651 2304 ora

293 2326 402 2402 Omnes
416 2327 511 2385 sancti
524 2327 717 2398 OonfessoreS,
733 2331 814 2384 orate

292 2407 402 2466 Omnes
416 2408 510 2465 sancti
525 2409 666 2466 Monaohi
679 2415 709 2465 et
724 2407 873 2481 Eremitae,
888 2413 970 2466 orate

291 2489 401 2546 Sancta
414 2490 512 2547 Maria
527 2489 712 2566 Magdalena,
727 2508 779 2546 ora

292 2570 400 2627 Sancta
414 2570 560 2642 Felicitas,
576 2590 628 2627 ora

292 2650 401 2708 Sancta
415 2651 572 2727 Perpetua,
588 2671 640 2709 ora

291 2731 402 2789 Omnes
415 2738 523 2789 sanctae
537 2732 687 2808 Virgines,
703 2736 784 2789 orate

291 2812 402 2870 Omnes
416 2812 526 2885 Sancti,
543 2819 624 2870 orate
636 2833 690 2890 pro
704 2813 796 2872 nobis.

126 2978 127 2981 =
189 2943 302 3003 Deinde
315 2945 580 3020 quinqueDioconi
592 2945 636 3003 neb
647 2943 827 3004 Subdinconi
839 2945 874 3002 in
886 2943 1095 3021 superpelliceis
1107 2943 1185 3003 buno
1198 2945 1336 3005 continw

130 3025 308 3102 subjunpont
321 3026 496 3095 Istonion·
517 3036 542 3082 et
557 3047 622 3084 curn
636 3027 746 3084 obicitur
760 3026 870 3084 Sancta
885 3026 944 3083 Dei
964 3026 1110 3103 genetrix,
1120 3027 1263 3101 procedat
1270 3046 1338 3104 pro

130 3108 215 3166 cessio
229 3106 374 3183 absentes
394 3107 602 3179 benedicendso,
613 3108 842 3183 praecedentibus
849 3128 944 3183 puero
958 3128 1025 3166 curn
1043 3127 1123 3182 aquo
1138 3106 1296 3180 benedicto,
1311 3117 1337 3166 et

131 3187 331 3264 Oenfferuriis,
354 3197 380 3245 et
402 3185 560 3262 Crucifhro,
583 3197 609 3245 et
632 3188 752 3260 duobus,
775 3187 956 3246 Diaconibus
979 3189 1013 3245 in
1036 3188 1249 3264 superpelliceis
1271 3209 1337 3248 cum

117 3269 291 3330 'Obrisnoote
311 3277 337 3328 et
357 3269 415 3327 obeo
436 3278 463 3327 et
482 3269 666 3340 Subdiucono
687 3289 753 3328 curn
774 3270 868 3326 Teretes
887 3277 914 3327 et
933 3269 1064 3327 Diacono
1084 3269 1119 3326 in
1132 3268 1225 3343 Albis,
1247 3277 1274 3328 et
1292 3269 1338 3328 bis

43 3380 47 3388 ·
129 3352 182 3426 qui
204 3350 359 3409 Litnniuno
380 3358 491 3408 canunt
511 3351 545 3408 in
565 3351 658 3408 undio
676 3351 869 3425 processionis
895 3349 1137 3425 subsequentibus.
1188 3349 1338 3409 Prrelotus

129 3453 193 3490 oero
214 3441 335 3509 capum
356 3453 423 3490 cum
437 3430 603 3507 Capeliano,
617 3441 643 3488 et
663 3430 760 3506 bajulo
780 3451 840 3490 suoe
854 3428 963 3504 Crucis,
980 3441 1006 3490 et
1018 3431 1131 3490 duobus
1146 3429 1341 3508 Ceroferorin

128 3523 268 3588 sequntur
277 3514 494 3590 processionem.

290 3631 387 3707 Kyrie
401 3631 526 3707 eleyson.

289 3711 408 3769 Ohriste
422 3711 546 3786 eleyson.

289 3792 406 3850 Christe
420 3791 491 3849 audi
504 3810 564 3849 nos.

289 3873 398 3931 Sancta
411 3873 471 3930 Dei
482 3871 622 3948 genitrix,
638 3889 689 3928 ora
701 3890 755 3947 pro
768 3870 860 3928 nobis.

289 3954 396 4012 Sancte
410 3953 540 4024 Gabriel,
556 3972 607 4010 ora

289 4035 400 4093 Omnes
414 4034 508 4091 saneti
522 4032 630 4110 Angeli
644 4039 674 4090 et
689 4032 879 4110 Archangeli,
893 4037 974 4090 orate

290 4113 401 4174 Omnes
414 4115 509 4173 sancti
522 4114 702 4171 Patriarchae
717 4119 747 4170 et
761 4113 928 4191 Prophetae,
942 4119 1025 4171 orate

290 4195 399 4254 Sancte
412 4196 434 4254 J
436 4196 532 4267 scobe,
548 4215 599 4252 ora

289 4276 396 4334 Sancte
410 4277 431 4334 J
433 4296 550 4348 oannes,
563 4295 617 4343 „ora

290 4357 397 4414 Sancte
410 4356 555 4434 Philipps,
572 4377 623 4414 ora

289 4438 400 4496 Omnes
414 4438 508 4495 sancti
521 4437 661 4515 Apostoli
675 4446 705 4496 et
719 4435 924 4514 Evangelistae,
939 4441 1030 4495 erate*

288 4518 396 4576 Sancte
410 4518 555 4590 Olemens,
570 4538 620 4576 ora
