2926 4996
138 366 200 429 148
404 362 508 429 Faria
529 368 618 429 aeota
639 362 738 450 r'safra
762 363 827 432 Oct.
850 363 1077 431 Asoeasc'oaa’a.

137 531 160 590 J
160 531 239 589 udex
253 551 321 589 cum
333 532 456 604 veneris,
468 531 601 606 judicare
617 531 764 604 saculum,

136 613 184 670 Da
197 612 289 683 nobis,
306 612 500 688 quasumus,*
514 612 692 688 sempiterna
704 612 812 688 gaudia
824 612 857 670 in
870 612 1027 690 polorum.†
1039 611 1147 690 patria,

137 694 177 751 In
190 713 248 770 qua
263 693 319 751 tibi
333 699 484 750 cantemus
498 713 598 750 omnes
612 693 746 769 alleluya.
1218 689 1222 697 ’

197 797 362 856 Secundam
382 798 519 856 Marcam
540 797 607 875 (aad.
633 797 743 876 14-20).
1029 863 1031 867 ,

198 879 238 936 In
261 879 313 936 illo
333 885 472 954 tempore,
495 879 749 936 Recumbentibus
770 879 907 936 undecim
934 877 1086 955 discipulis
1113 880 1254 957 apparuit
1280 881 1334 940 illis

137 959 225 1018 Jesus
248 965 279 1017 ct
303 960 492 1035 exprobravit
518 958 755 1018 incredulitatem
779 979 868 1035 usqae
891 962 931 1018 ad
954 968 1118 1018 sermonem
1146 961 1341 1022 confirmante¹

136 1042 326 1117 sequentibus
339 1041 437 1117 signis.

197 1121 299 1180 Credo.

198 1201 389 1276 offertorium.

195 1282 341 1340 Ascendit
355 1282 437 1340 Deus
450 1281 483 1338 in
499 1281 695 1357 jubilatione:
720 1287 750 1340 et
764 1282 910 1340 Dominus
922 1283 955 1341 in
968 1304 1039 1342 voce
1053 1284 1142 1359 tubae,
1158 1285 1295 1364 alleluya

195 1362 314 1421 Secreta.
1234 1384 1238 1389 ·

197 1443 326 1521 Suscipc,
351 1443 487 1515 Domine,
511 1463 635 1501 munera
661 1463 726 1519 quae
754 1464 807 1519 pro
835 1443 906 1501 Filii
932 1445 979 1502 tui
1013 1445 1139 1523 gloriosa
1169 1448 1332 1507 ascensione

135 1523 310 1596 descrimus3
331 1531 362 1582 et
375 1524 499 1582 concede
513 1525 667 1600 propitius,
681 1530 717 1581 ut
731 1531 761 1582 et
775 1546 793 1582 a
806 1526 999 1601 praesentibus
1018 1527 1157 1603 periculis
1177 1528 1332 1588 liberemur

135 1611 166 1663 et
179 1605 216 1662 ad
230 1605 323 1662 vitam
336 1606 541 1682 perveniamus
555 1613 703 1663 aeternam.
746 1606 805 1663 Per
819 1607 990 1664 Dominum.

194 1685 344 1760 Praefatio.
387 1686 447 1755 Qui
459 1692 526 1762 post
539 1687 782 1744 resurrectionem
795 1697 821 1744 et
836 1686 1099 1746 Communicantes.

197 1765 375 1824 Garamanta

194 1846 317 1904 Psallite
339 1848 469 1905 Domino
490 1847 543 1925 qui
569 1847 701 1906 ascendit
727 1867 815 1925 super
841 1849 926 1907 caelos
952 1849 1089 1907 caelorum
1116 1850 1155 1908 cd
1183 1851 1328 1926 orientem,

135 1926 268 2004 alleluya.

195 2010 434 2070 Postcoaamaaio.

195 2090 307 2146 Praesta
328 2091 421 2161 nobis,
445 2110 618 2167 quaesumus,
643 2090 827 2166 omnipotens
849 2096 880 2148 et
901 2091 1064 2150 misericors
1092 2093 1183 2167 Deus,
1206 2099 1243 2153 ut
1270 2114 1328 2172 quae

131 2169 297 2228 visibilibus
311 2172 459 2247 mysteriis
473 2173 615 2229 sumenda
628 2172 818 2248 percepimus,
833 2171 977 2230 invisibili
991 2193 1205 2251 consequamur
1218 2176 1326 2235 effectu.

135 2250 194 2309 Per
207 2252 378 2310 Dominum.

616 2429 717 2486 Fauna
740 2429 869 2506 Snxrass

196 2575 334 2648 Officium.
377 2575 448 2632 Viri
462 2575 585 2632 Galilaei.

194 2656 243 2712 Ps.
287 2656 396 2713 Omnes
409 2663 518 2732 gentes,
534 2655 666 2732 plaudite
680 2655 823 2715 manibus.

195 2752 327 2822 Quotidie
335 2774 390 2828 per
405 2754 526 2811 Oetaeas
539 2755 677 2810 dicantar
690 2752 857 2810 alternatim
871 2753 933 2811 ista
946 2754 1012 2812 daae
1025 2753 1186 2830 Sequentia
1201 2754 1324 2836 [quaudo

134 2833 168 2890 dc
181 2832 350 2890 Asceacioac
364 2835 470 2908 ayitar,
486 2843 599 2908 excepta
612 2834 769 2892 Doraiaica
782 2844 808 2892 ct
821 2835 867 2892 dic
881 2835 1086 2894 octaoassMS.
1103 2833 1155 2916 D].

215 2938 306 2996 Sonat
319 2959 379 2996 vox
391 2940 523 2996 fidelium
536 2938 663 3014 alleluya

216 3019 333 3077 Christo
346 3021 409 3096 regi
422 3021 459 3077 ad
472 3020 596 3096 gloriam

215 3101 374 3158 Scandenti
387 3109 453 3177 post
466 3101 627 3158 victoriam.

213 3181 294 3238 Nam
306 3182 389 3239 hoste
402 3183 525 3257 antiquo

214 3262 288 3337 Ejus
300 3269 395 3320 morte
408 3263 496 3333 victe,
580 3330 583 3334 ι

214 3343 299 3400 Clara
313 3351 462 3421 susceptus
475 3343 554 3400 nube

214 3424 307 3481 Oaelos
320 3426 451 3482 ascendit
464 3424 550 3481 hodie
561 3443 570 3496 3

213 3505 255 3562 Et
268 3525 356 3581 quam
370 3505 516 3582 captivam
530 3504 634 3562 mortis
648 3504 721 3579 sub§
731 3504 804 3580 jugo
817 3504 909 3561 hostis
922 3511 1079 3581 presserat,

111 3628 112 3631 η
213 3584 331 3643 Natura
343 3594 451 3658 nostra,
467 3585 526 3643 Dei
538 3586 624 3642 unita
638 3583 747 3658 Verbo,
759 3585 822 3661 jam
836 3592 948 3661 regnat,

213 3665 311 3724 Patris
324 3668 426 3724 sedens
440 3668 477 3724 ad
491 3667 650 3723 dexteram.

213 3747 238 3804 0
253 3767 342 3822 quam
355 3749 431 3816 mira
443 3747 503 3806 Dei
515 3748 616 3823 pietas

212 3826 270 3884 Per
284 3848 372 3904 quam
385 3834 486 3886 nostra
499 3830 540 3885 sic
554 3826 710 3904 captivitas

211 3908 357 3966 Libertati
370 3910 511 3967 redditur.

366 4086 378 4110 '⁶
389 4085 442 4130 MS.
453 4084 617 4144 D-petimus.
806 4082 881 4144 †Ms
893 4083 1091 4130 D-sanctcrum.
1193 4064 1196 4069 ⁵

176 4178 189 4246 ζ
207 4177 308 4229 cartule
338 4192 363 4223 cr
380 4179 475 4223 Oetaeas
490 4177 579 4237 quando
587 4176 619 4237 fit
632 4174 748 4221 semaam
762 4173 789 4220 da
804 4175 939 4221 Asceasioac
954 4175 987 4221 ad
999 4175 1102 4222 Missam
1135 4175 1243 4238 offatim
1273 4176 1328 4225 Viri

133 4235 233 4281 Galrlmi.
264 4237 301 4282 Ps.
317 4193 407 4299 limnas
417 4239 508 4295 gentes.
542 4235 621 4282 Oratio
637 4241 657 4280 et
672 4241 746 4280 cetera
759 4233 817 4279 sicat
831 4235 855 4280 ia
871 4234 919 4288 dre,
933 4234 968 4280 ita
979 4235 1041 4303 quod
1055 4235 1178 4306 (primwry
1192 4236 1299 4297 alleluya
1312 4250 1328 4283 a

76 4314 79 4319 >
130 4295 213 4340 duobus
223 4295 352 4341 Rectoribas
364 4295 440 4347 Clari.
451 4301 471 4340 et
485 4295 602 4340 secandam
617 4294 722 4352 alleluya
735 4307 751 4337 a
766 4292 849 4337 duobus
863 4293 962 4338 Vccariia
975 4308 1000 4339 m
1013 4293 1081 4353 Capra
1093 4293 1174 4341 serien
1198 4296 1328 4343 evilmar-

129 4360 200 4399 torem
210 4354 328 4414 arsipaatr's
336 4355 451 4414 pradatt'm
461 4353 622 4400 descendendo:
638 4359 659 4398 et
668 4353 738 4457 πμ
747 4352 868 4397 Servitium
878 4351 904 4398 de
914 4351 992 4413 aliquo
1002 4352 1084 4400 Sancto
1093 4351 1162 4414 tara
1225 4355 1326 4413 Oetam,
1340 4390 1345 4401 .

129 4414 247 4460 secandam
256 4413 357 4473 alleluya
368 4413 410 4460 erit
420 4413 539 4459 Ascendit
549 4412 679 4458 Deus-M
700 4411 754 4473 .Ι).τ
920 4460 923 4465 ,

488 4504 501 4565 5
517 4503 550 4550 So
560 4503 644 4563 MSS.;
661 4503 797 4550 Edd-sub
807 4501 891 4549 mortis
900 4503 965 4564 jugo.
