2926 4996
199 335 238 394 16
590 330 637 395 In
652 330 691 394 N
687 329 840 396 atiritate
855 329 1009 395 Domini.

258 495 413 636 grassatio..
450 497 526 565 Quia
539 517 593 573 per
605 497 760 556 incarnati.
805 497 1062 556 communicantes
1075 505 1106 556 et
1118 505 1244 559 noctem.

258 597 513 734 Iiniliiiiiibus
527 665 695 717 sanctorum
708 679 747 717 ex
760 666 845 717 utero
858 666 928 718 ante
941 660 1097 718 luciferum
1109 661 1200 740 genui
1212 668 1252 720 te.

257 739 498 797 Postcommunio.

257 819 306 876 Da
332 820 425 891 nobis,
450 840 624 896 quaesumus,
656 821 784 879 Domino
812 822 894 879 Deus
922 829 1029 894 noster,
1058 828 1095 880 ut
1125 823 1180 899 qui
1209 823 1397 884 nativitatem

107 905 110 912 '
196 900 318 957 Domini
332 901 426 958 nostri
439 902 461 958 J
462 921 511 958 esu
527 901 638 959 Christi
658 922 712 960 nos
732 902 920 979 frequentare
939 903 1118 980 gaudemus:
1139 904 1238 981 dignis
1251 924 1398 965 converse-

195 981 326 1038 tionibus
347 982 385 1039 sd
407 982 470 1058 ejus
491 1002 655 1040 mereamur
668 985 830 1061 *pervenire
847 984 1034 1042 consortium.
1079 985 1140 1054 Qui
1156 990 1257 1043 tecum
1275 987 1353 1045 vivit
1368 995 1397 1046 et

195 1068 306 1139 regnat.

466 1178 472 1187 ’
585 1169 639 1226 An
660 1169 785 1227 M1sssn
807 1186 840 1226 m
859 1170 1004 1230 Ausone.

257 1298 319 1381 [Aa
341 1299 467 1357 Missam
490 1300 524 1358 in
547 1299 667 1358 Aurora
687 1310 806 1375 repatur
827 1299 942 1359 Oitorns
962 1322 995 1359 ere
1017 1301 1080 1359 uim
1101 1311 1189 1376 parte
1213 1300 1310 1363 Olmii.
1359 1303 1398 1362 Et

195 1382 334 1440 Sacerdos
361 1403 427 1440 cnm
453 1382 516 1439 suis
539 1381 688 1439 Ministris
714 1382 756 1438 ad
781 1381 881 1439 Altare
905 1391 931 1439 et
955 1381 1085 1440 Rectores
1109 1381 1197 1442 Oltori
1221 1405 1320 1443 ornnes
1342 1386 1400 1444 sint

194 1462 368 1521 uestimentis
381 1461 461 1520 albis.
504 1463 610 1521 Rector
624 1461 712 1521 Obori
728 1461 852 1537 incipiat
868 1461 1116 1536 Officium-MS.
1132 1460 1187 1544 D.]

258 1557 398 1632 Officium.
1027 1597 1028 1603 =

255 1638 325 1695 Lux
343 1637 471 1714 fulgebit
490 1636 578 1695 hodio
599 1657 687 1714 super
706 1656 781 1709 nos3
807 1637 877 1712 quia
896 1642 985 1693 natus
1006 1642 1051 1693 est
1070 1636 1156 1694 nobis
1176 1636 1347 1698 Dominus:
1369 1647 1399 1698 et

194 1720 348 1778 vocabitur
368 1718 570 1791 Admirabilis,
587 1717 677 1790 Deus,
694 1718 836 1794 Princeps
849 1717 938 1793 pacis,
953 1718 1044 1775 Pater
1056 1717 1152 1776 futuri
1171 1719 1293 1778 saeculi:
1317 1723 1400 1798 cujus

194 1801 279 1879 regni
292 1819 352 1857 non
366 1800 424 1856 erit
437 1800 512 1860 finis.

256 1881 402 1938 Psaimus.

256 1962 403 2019 Dominus
416 1961 561 2037 regnavit,
577 1961 709 2019 decorem
724 1961 840 2018 induit:
861 1959 960 2017 induit
977 1960 1125 2018 Dominus
1138 1961 1355 2038 fortitudinem,
1368 1971 1399 2022 et

195 2044 352 2120 praecinxit
374 2062 404 2100 so
427 2043 547 2102 virtute.

256 2139 367 2222 [Kyrie
380 2142 441 2199 sine
461 2140 594 2199 Versibus
607 2162 673 2199 cum
685 2150 756 2199 nota
769 2143 804 2198 de
818 2141 886 2198 Rex
900 2139 1070 2216 Virginum.
1114 2141 1217 2199 Gloria
1230 2143 1263 2200 in
1277 2145 1400 2203 excelsis

195 2245 262 2283 cum
284 2225 379 2281 Prosa
401 2223 530 2299 Spiritus
552 2222 643 2280 Almo
667 2241 687 2279 a
710 2223 823 2280 duobus
846 2221 1014 2279 Iiectoribus
1032 2221 1222 2295 inferioribus
1244 2223 1281 2281 in
1304 2227 1399 2284 medio

196 2305 284 2366 Obori
297 2305 422 2362 dicatur.
466 2304 590 2362 Sanctus
604 2313 630 2360 et
643 2304 750 2379 Agnus
763 2312 798 2361 ut
811 2303 845 2360 in
855 2302 950 2359 Festis
963 2303 1049 2360 beatae
1063 2301 1101 2358 M
1098 2302 1170 2360 ariae
1183 2304 1325 2362 dicantar
1337 2307 1399 2364 sine

194 2388 296 2444 Prosa.
338 2385 450 2443 Eodem
459 2386 543 2442 modo
552 2388 612 2459 fiat
627 2386 711 2441 tertia
724 2385 770 2441 die
784 2383 868 2457 infra
879 2383 1000 2441 Octavus
1011 2382 1187 2441 Natiuitatis
1200 2394 1227 2443 et
1239 2385 1274 2442 in
1292 2385 1401 2462 Vipiiio

194 2467 380 2544 Epiphaniae,
396 2487 463 2524 cum
476 2467 510 2522 in
523 2465 679 2523 Dominica
692 2463 949 2522 evenerint-MS.
960 2461 1014 2543 D.]

257 2547 366 2607 Oratio.

255 2629 304 2686 Ds
317 2627 410 2697 nobis,
427 2645 603 2702 quaesumus,
619 2625 804 2701 omnipotens
818 2626 908 2696 Deus,
923 2630 969 2695 ut,
980 2625 1033 2702 qui
1050 2645 1127 2683 nova
1139 2625 1287 2685 incarnati
1301 2629 1399 2687 Verbi

195 2709 242 2766 tui
261 2708 327 2765 luce
344 2707 559 2783 perfundimur,
580 2706 635 2764 hoc
653 2706 686 2763 in
707 2714 807 2764 nostro
827 2706 1011 2782 resplendeat
1029 2726 1123 2783 opere,
1140 2708 1219 2784 quod
1238 2709 1400 2786 perfidem

195 2790 290 2866 fulget
302 2789 335 2845 in
349 2793 455 2845 mente.
955 2827 957 2831 -

255 2869 400 2927 Memoria
414 2870 448 2926 de
461 2877 562 2926 sancta
574 2866 737 2926 Anastasia
749 2869 801 2926 sub
815 2889 879 2925 una
893 2867 1078 2927 conclusione.
1122 2868 1232 2930 Oratio.

256 2952 311 3022 Da,
328 2969 503 3026 quaesumus,
518 2950 702 3026 omnipotens
723 2950 813 3022 Deus,
828 2956 864 3007 nt
884 2950 937 3025 qui
956 2948 1049 3006 beatae
1069 2949 1237 3007 Anastasiae
1257 2952 1401 3026 martyris

195 3038 255 3090 tuse
289 3031 442 3088 sollemnia
468 3029 600 3102 colimus,
628 3031 691 3106 ejus
725 3031 804 3106 apud
838 3037 868 3087 te
901 3030 1066 3106 patrocinia
1099 3031 1268 3089 sentiamus
1339 3031 1400 3089 Per

196 3113 367 3171 Dominum.

256 3194 326 3251 Ista
339 3195 406 3250 duee
421 3192 571 3251 Orationes
584 3192 828 3267 simuifinientur
840 3193 892 3250 sub
905 3211 969 3248 una
983 3191 1168 3250 coraclusione.

255 3275 301 3333 De
315 3275 493 3332 conclusione
506 3276 637 3331 duarum
650 3274 694 3331 rel
706 3275 798 3331 trium
810 3273 991 3330 Orationem.

257 3356 495 3429 Quandocumque
515 3356 582 3412 duee
603 3355 754 3412 Orationes
774 3355 872 3412 debent
892 3354 952 3410 dici
972 3354 1012 3410 ad
1032 3353 1165 3425 Missam,
1185 3353 1238 3412 aab
1257 3374 1323 3413 una
1346 3364 1402 3413 ter-

195 3438 354 3496 minatione
378 3436 588 3495 concludantur
599 3457 610 3504 ;
641 3436 713 3510 quia
736 3435 822 3510 quasi
840 3454 897 3510 pro
917 3454 981 3491 una
1006 3434 1142 3492 Oratione
1165 3435 1264 3494 debent
1288 3435 1395 3494 haberi

196 3520 237 3577 Et
257 3519 284 3578 si
306 3519 460 3593 contineat,
475 3525 507 3574 ut
528 3517 562 3574 in
575 3517 659 3574 Festo
680 3526 847 3574 sanctorum
864 3514 993 3573 Fabiani
1011 3524 1037 3572 et
1054 3514 1218 3573 Sebastiani
1237 3518 1317 3592 qaod
1334 3537 1399 3574 uno

195 3609 310 3658 tantum
330 3603 389 3675 fiat
412 3598 563 3669 'memoria
586 3596 691 3655 scilicet
711 3599 745 3654 de
766 3606 867 3654 sancta
890 3595 993 3654 illaria
1017 3595 1062 3653 eei
1084 3596 1187 3672 aliqua
1207 3598 1277 3669 alia,
1300 3617 1399 3656 manes

197 3681 348 3740 Orationes
361 3681 413 3738 sub
426 3700 490 3737 una
504 3678 704 3737 terminatione
719 3677 937 3736 coricludantur.

257 3777 366 3860 [Lectio
380 3779 415 3836 ab
429 3797 489 3835 uno
502 3778 537 3834 de
550 3776 709 3851 majoribus
723 3777 763 3833 ad
780 3785 888 3833 nutum
902 3774 1079 3834 Oanoeiiarii
1094 3775 1128 3834 in
1141 3774 1350 3852 Superpelliceo
1364 3776 1399 3836 in

193 3860 307 3936 pulpito
321 3859 434 3934 ieyatur
447 3880 513 3916 cum
526 3877 578 3915 suo
593 3856 792 3914 titula-MS.
809 3855 862 3936 D.]
1277 3854 1280 3859 ’

256 3951 352 4009 Lectio
366 3951 464 4008 Esaia
477 3950 626 4025 Prophetae
639 3949 705 4027 (tat.
725 3951 780 4020 1-3‚
796 3949 856 4006 inii.
876 3949 991 4027 11-12).

257 4032 332 4088 Haec
350 4032 421 4089 dicit
443 4033 608 4090 Dominus:
628 4030 756 4108 Spiritus
775 4030 899 4089 Domini
918 4050 1006 4106 super
1025 4050 1072 4088 me
1092 4032 1238 4108 usquead
1251 4031 1401 4109 redempti

196 4135 214 4171 a
228 4114 366 4170 Domino.

256 4207 407 4290 [Sequitur
419 4208 480 4266 sine
492 4208 642 4267 interuallo
656 4207 762 4268 ibidem
774 4208 1023 4284 Epistola—MS.
1039 4205 1091 4286 D.]

255 4301 305 4359 Ad
322 4301 421 4359 Titum
435 4300 495 4378 (iii.
513 4302 587 4380 4-7).

257 4383 413 4440 carissime
425 4404 431 4439 :
447 4383 599 4457 Apparuit
608 4384 776 4461 benignitas
785 4403 874 4458 usque
885 4384 925 4441 ad
934 4402 1016 4460 spem
1025 4383 1094 4440 vitae
1105 4388 1222 4440 aeternae
1233 4383 1266 4439 in
1278 4383 1401 4442 Christo

195 4466 216 4524 J
218 4483 269 4524 esu
284 4463 414 4522 Domino
426 4470 535 4521 nostro.
