2926 4996
178 365 219 423 10
409 357 550 426 Sabbato
567 357 733 462 Quattuor
749 357 952 442 Temperare
966 357 1149 424 Adventus.

234 525 305 583 Hac
319 525 415 583 Lectio
434 546 552 600 sequens
572 525 684 601 legatur
704 527 738 582 c'n
757 526 851 584 medio
866 523 954 584 Obori
972 525 1122 601 abaliquo
1144 525 1258 584 Vicario
1272 525 1383 585 seniori

178 608 211 664 ia
224 605 429 682 Saperpcllioio
443 616 469 664 et
484 606 567 682 Capu
579 608 668 664 rubea
682 607 779 665 serica.

237 686 333 744 Lectio
347 687 483 744 Danielis
496 687 646 762 Propheta
662 687 722 764 (tii.
740 687 855 764 49-51).

236 768 370 844 Angelus
384 768 507 825 Domini
528 769 677 826 descendit
697 789 765 826 cum
778 769 888 826 Azaria
906 773 937 824 et
955 768 1040 825 sociis
1054 770 1117 846 ejus
1130 769 1163 826 in
1176 769 1336 843 fornacem,
1351 776 1381 828 et

177 849 306 906 excussit
318 849 468 906 flammam
481 849 558 925 ignis
573 849 608 906 de
619 849 744 920 fornace,
755 856 785 907 et
794 849 864 907 fecit
879 850 1008 909 medium
1023 851 1148 907 fornacis
1162 851 1248 927 quasi
1257 857 1382 908 ventum

177 930 251 986 roris
264 929 392 987 flantem.
437 930 572 986 Flamma
585 936 684 987 autem
698 931 804 987 diffusa
817 937 862 988 est
876 951 963 1008 super
975 931 1123 988 fornacem
1138 931 1245 988 cubitis
1259 931 1383 1007 quadra-

177 1011 261 1086 ginta
273 1030 390 1082 novem,
406 1016 436 1067 et
449 1011 581 1067 incendit
595 1031 667 1086 quos
681 1013 791 1088 reperit
806 1013 898 1088 juxta
911 1014 1059 1069 fornacem
1072 1012 1108 1070 de
1123 1011 1270 1069 Chaldaeis
1283 1013 1383 1069 minis-

179 1098 240 1148 tros
254 1092 329 1168 regis
344 1092 396 1167 qui
409 1111 475 1148 eam
492 1092 696 1150 incendebant.
740 1092 812 1150 Illos
832 1099 933 1150 autem
953 1094 1073 1150 omnino
1094 1113 1155 1150 non
1175 1093 1277 1169 tetigit
1297 1093 1383 1170 ignis,

178 1192 272 1248 neque
293 1173 487 1244 contristavit,
503 1192 556 1230 nec
577 1173 731 1250 quicquam
754 1173 894 1231 molestiae
914 1175 1026 1231 intulit.
1070 1174 1153 1231 Tunc
1171 1173 1203 1230 hi
1222 1180 1284 1230 tres
1297 1174 1381 1250 quasi

179 1272 217 1309 ex
230 1272 289 1310 uno
303 1273 352 1312 ore
365 1253 535 1327 laudabant,
551 1261 581 1311 et
595 1254 806 1330 glorificabant,
823 1262 853 1312 et
875 1255 1086 1313 benedicebant
1100 1255 1198 1312 Deum
1218 1253 1252 1311 in
1264 1255 1381 1312 fornace

182 1333 319 1390 dicentes.

238 1412 385 1489 Sequatur
398 1414 432 1471 irs
445 1414 538 1473 stadio
561 1414 647 1474 Clrori
667 1437 687 1472 a
706 1417 819 1474 duobus
840 1417 963 1474 Vrcarc‘is
989 1418 1024 1474 r'rr
1045 1415 1136 1492 Cepis
1153 1416 1252 1474 sericis
1276 1413 1384 1496 [rubeis

179 1495 243 1552 MS.
261 1493 306 1575 C]
321 1497 480 1553 secandam
493 1497 708 1572 dispositionem
723 1496 858 1556 Castoris
874 1495 1071 1577 [b'acccrttoris
1084 1497 1148 1555 MS.
1166 1495 1213 1577 C]
1227 1497 1359 1554 Tractus.

242 1576 420 1633 Benedictus
434 1597 464 1634 es
477 1577 608 1634 Domine
621 1577 704 1634 Deus
717 1584 835 1654 patrum
849 1584 1025 1637 nostrorum.

241 1657 325 1732 Besp.
369 1657 410 1714 Et
423 1658 580 1715 laudabilis
594 1658 624 1715 et
636 1659 779 1734 gloriosus
793 1659 826 1716 in
840 1659 951 1717 saecula.

242 1737 401 1813 Repetatar
414 1737 563 1816 (primas)
584 1738 692 1797 Versus.

247 1819 276 1876 V.
307 1819 348 1876 Et
361 1819 546 1876 benedictum
561 1840 669 1877 nomen
682 1820 781 1896 gloriae
795 1827 863 1893 tuae,
879 1821 958 1898 quod
972 1826 1016 1878 est
1029 1826 1172 1878 sanctum.

243 1901 327 1976 Rcsp.
371 1899 413 1957 Et
426 1900 572 1957 laudabile
587 1906 617 1957 et
629 1901 789 1976 gloriosum
802 1903 835 1958 in
848 1903 960 1959 saccula.

249 1981 279 2038 V.
309 1981 487 2038 Benedictus
501 2000 531 2037 es
544 1981 575 2037 in
589 1981 699 2058 templo
713 1988 815 2040 sancto
829 1983 927 2059 gloriae
941 1989 1008 2040 tuse.

244 2063 327 2137 Resp.
372 2061 413 2118 Et
426 2061 589 2119 laudabilis.

249 2143 278 2200 V.
308 2143 488 2200 Benedictus
502 2162 531 2200 es
545 2163 632 2220 super
644 2143 786 2200 thronum
801 2150 936 2201 sanctum
951 2144 1034 2220 regni
1047 2144 1102 2201 tui.

242 2225 326 2300 serp.
371 2223 412 2280 Et
425 2223 588 2281 laudabilis.

249 2303 278 2362 V.
309 2305 486 2362 Benedictus
499 2325 537 2373 es,
552 2305 604 2381 qui
617 2306 698 2363 sedes
712 2325 799 2381 super
813 2305 965 2363 Cherubin
978 2306 1098 2362 intuens
1112 2305 1236 2380 abyssos.

243 2385 326 2462 Resp.
370 2386 411 2442 Et
424 2385 588 2444 laudabilis.

250 2467 278 2523 V.
308 2467 487 2523 Benedictus
501 2487 539 2537 es,
556 2467 607 2543 qui
621 2468 701 2524 sedes
715 2487 803 2543 super
816 2473 964 2542 sceptrum
978 2466 1143 2524 divinitatis
1157 2474 1224 2523 tuae.

243 2547 326 2622 Resp.
370 2546 411 2603 Et
425 2547 589 2604 laudabilis.

251 2627 278 2683 V.
308 2627 488 2684 Benedictus
501 2647 539 2698 es,
555 2628 607 2703 qui
620 2629 753 2685 ambulas
767 2649 853 2704 super
867 2648 978 2705 pennas
992 2634 1155 2686 ventorum.

244 2708 327 2783 Bosp.
372 2707 413 2764 Et
427 2707 590 2766 laudabilis

251 2788 279 2845 V.
309 2788 491 2846 Benedicent
505 2794 536 2845 te
550 2808 650 2846 omnes
663 2790 774 2864 Angeli
788 2795 818 2847 et
833 2790 935 2848 Sancti
947 2791 1001 2848 tui.

244 2869 327 2944 Bosp.
370 2869 411 2926 Et
424 2869 547 2926 laudent
560 2876 590 2926 te
605 2876 635 2926 et
648 2871 813 2946 glorificent
827 2878 857 2928 te
870 2872 903 2928 in
917 2872 1028 2929 saecula.

251 2949 280 3006 V.
310 2950 492 3007 Benedicant
505 2957 535 3008 te
549 2951 612 3008 caeli
626 2958 657 3008 et
670 2957 757 3022 terra,
772 2972 861 3024 mare,
877 2959 907 3010 et
921 2953 1021 3010 omnia
1034 2970 1098 3028 quae
1112 2950 1145 3007 in
1158 2950 1201 3007 eis
1214 2956 1293 3008 sunt.
1397 3003 1398 3007 ,

246 3031 330 3106 Reor).
374 3030 415 3087 Et
428 3030 557 3088 laudent.

252 3111 281 3169 V.
312 3110 413 3168 Gloria
427 3111 511 3169 Patri
525 3120 555 3170 et
571 3113 647 3170 Filio
662 3115 693 3170 et
707 3113 834 3190 Spiritui
848 3114 964 3171 Sancto.

245 3192 328 3267 Iicsp.
372 3192 413 3248 Et
426 3193 499 3264 laus,
517 3199 547 3250 et
560 3193 661 3263 honor,
678 3200 814 3270 potestas
831 3201 861 3252 et
874 3195 1037 3271 imperium.

252 3273 280 3330 V.
311 3273 394 3330 Sicut
415 3279 478 3330 erat
498 3274 531 3330 in
550 3275 703 3350 principia
719 3281 749 3332 et
763 3295 848 3348 nunc,
866 3282 896 3332 et
909 3295 1022 3352 semper
1035 3275 1068 3331 in
1082 3275 1187 3332 saecula
1204 3273 1387 3334 seculorum.

186 3355 294 3411 Amen.

246 3437 331 3512 Resp.
376 3435 499 3492 Etlaus.

253 3516 567 3592 Versasreirtcipiatar.
613 3515 743 3574 Tractus.

246 3598 425 3655 Benedictus
439 3617 476 3656 es.

246 3678 329 3754 ltesp.
374 3679 416 3736 Et
428 3677 591 3737 laudabilis.

247 3759 394 3817 Dominus
408 3760 566 3817 vobiscum
610 3759 732 3816 Etcum
746 3758 852 3835 spiritu
867 3766 927 3816 tuo.

248 3838 356 3896 Oratio.

248 3919 337 3987 Deus,
353 3920 405 3995 qui
417 3922 513 3979 tribus
526 3922 625 3998 pueris
639 3920 784 3996 mitigasti
796 3921 929 3977 flammas
943 3920 1065 3996 ignium,
1087 3919 1211 3977 concede
1233 3919 1389 3998 propitius,

187 4005 222 4056 ut
236 4019 289 4056 nos
302 3999 426 4058 famulos
439 4008 506 4059 tuos
519 4023 580 4061 non
594 4008 701 4060 exurat
713 4002 831 4058 flamma
845 4001 993 4059 vitiorum.
1036 4001 1095 4057 Per
1109 4001 1280 4062 Dominum.
1356 4046 1359 4051 .

248 4079 390 4137 ilfcrroria
403 4082 437 4138 de
451 4093 551 4140 sancta
565 4084 668 4140 Maria
681 4091 707 4141 et
720 4083 754 4140 dc
768 4083 901 4140 omuibus
913 4080 1037 4140 Sanctis.

247 4159 297 4218 Ad
313 4160 570 4221 Thessalonicenses
590 4164 626 4241 (2
640 4164 672 4222 r'r'.
692 4163 761 4241 1-8).

248 4241 384 4298 Fratres:
410 4242 560 4318 Rogamus
579 4264 640 4316 vos,
661 4265 714 4320 per
737 4243 898 4302 adventum
920 4241 1042 4300 Domini
1065 4243 1160 4300 nostri
1181 4244 1203 4300 J
1205 4263 1255 4300 esu
1277 4242 1390 4301 Christi

172 4321 277 4398 ‘usqae
290 4323 331 4379 ad
344 4322 541 4381 illustratione
555 4324 699 4382 adventus
713 4325 767 4382 sui

250 4402 382 4460 Tractus.

238 4483 309 4551 Qui
322 4480 512 4560 regis'Israel,
528 4484 667 4543 intende:
690 4487 741 4562 qui
755 4486 873 4544 deducis
886 4485 970 4543 velut
984 4504 1066 4542 ovem
1082 4485 1104 4544 J
1106 4485 1202 4562 oseph.
