2926 4996
365 337 601 430 ¹Hebdomada
616 359 642 402 1.
662 337 942 424 Quadrupesiaaoe.
1218 343 1260 406 83

120 505 218 564 Lectio
231 505 388 563 Hieremiae
402 504 551 580 Prophetae
564 504 649 582 (troii.
668 504 776 583 13-18).

120 586 161 644 In
171 587 274 644 diebus
283 586 351 654 illis,
363 585 452 644 Dixit
462 586 631 642 Hieremias
640 606 649 658 3
670 587 805 658 Domine,
817 606 918 643 omnes
929 587 981 662 qui
991 591 1022 644 te
1032 586 1262 663 dereliquerunt,

58 668 281 725 confundentur
293 687 384 742 aequa
402 668 443 726 od
463 673 494 724 et
513 667 625 742 duplici
638 667 816 725 contritione
830 674 948 725 contere
968 687 1025 740 eos,
1041 667 1169 726 Domine
1183 669 1265 727 Deus

60 755 169 806 noster.

123 829 258 888 Gradere.

122 910 248 967 Pacifico
261 909 459 985 loquebantur
469 908 544 966 mihi
557 908 670 966 inimici
685 909 760 966 mei:
782 915 812 966 et
826 909 858 966 in
872 911 917 968 ira
930 910 1047 967 molesti
1062 917 1147 968 erant
1160 912 1241 970 11111

66 991 97 1050 V.
124 991 247 1062 Vidisti,
264 990 393 1047 Domine
407 989 489 1047 Deus
502 1010 593 1061 meus,
608 1009 646 1046 ne
660 990 762 1048 sileas:
782 1009 820 1047 ne
835 991 965 1049 discedas
978 1011 997 1048 a
1009 1011 1064 1048 me.

122 1071 292 1129 Secundum
305 1070 332 1126 J
330 1070 471 1128 1111111111
485 1070 540 1148 (roi.
559 1070 674 1147 47-54).

124 1153 164 1210 In
188 1152 240 1209 illo
261 1158 403 1228 tempore,
422 1151 611 1227 Oollegerunt
634 1151 786 1227 pontifices
814 1158 845 1209 et
873 1151 1016 1210 Pharisaei
1040 1153 1195 1211 concilium
1216 1154 1263 1211 ad-

60 1253 165 1292 versus
185 1234 298 1306 Jesum,
314 1240 344 1290 et
365 1233 518 1304 dicebant,
550 1232 629 1302 Quid
648 1233 780 1304 facimus,
799 1234 868 1308 quia
888 1233 936 1290 hie
957 1233 1045 1290 homo
1065 1235 1202 1291 multa'
1180 1255 1264 1311 signa

59 1317 154 1373 faciti
173 1334 265 1389 cosque
284 1314 354 1371 ad
345 1334 378 1370 11
398 1313 553 1371 civitatem
564 1333 629 1389 quae
644 1313 753 1371 dicitur
762 1314 901 1390 Ephrem,
915 1320 946 1372 et
958 1315 1002 1372 ibi
1014 1315 1186 1372 morabatur
1196 1336 1263 1373 cum

62 1394 218 1472 discipulis
231 1395 299 1452 1111.

127 1476 216 1549 Offert
217 1476 321 1533 111111.

123 1556 303 1613 Benedictus
318 1576 357 1629 11,
373 1556 520 1613 Domine:
543 1555 613 1613 doce
631 1574 678 1612 me
695 1555 922 1631 justificationes
936 1562 1021 1614 tuas:
1042 1562 1073 1614 ct
1091 1576 1151 1615 non
1167 1558 1266 1632 tradas

62 1638 315 1696 calumniantibus
328 1656 375 1694 me
389 1637 529 1714 superbis,
544 1642 575 1694 et
588 1637 769 1712 respondebo
784 1638 1032 1715 exprobrantibus
1045 1638 1120 1694 mihi
1133 1640 1263 1696 verbum.

121 1718 244 1777 Secreta.

124 1799 240 1856 Praesta
252 1799 345 1866 nobis,
356 1798 519 1856 misericors
533 1797 633 1871 Deus,
648 1803 684 1856 ut
697 1798 785 1874 digne
799 1799 859 1855 tuis
873 1798 982 1856 servire
996 1819 1110 1876 semper
1123 1800 1266 1857 altaribus

62 1900 238 1952 mereamur,
254 1885 285 1937 et
299 1899 401 1938 eorum
414 1886 556 1957 perpetua
570 1879 795 1956 participatione
809 1880 922 1938 salvari
967 1880 1026 1937 Per
1039 1879 1211 1940 Dominum.

126 1961 307 2021 Commenta

125 2043 176 2099 Ne
204 2041 360 2099 tradideris
387 2060 441 2110 me,
466 2040 602 2112 Domine,
631 2041 664 2097 in
691 2041 804 2098 animas
831 2042 1069 2117 persequentium
1095 2062 1164 2100 me:
1199 2043 1269 2118 quia

64 2124 292 2181 insurrexerunt
305 2123 338 2179 in
352 2142 399 2179 me
412 2128 501 2180 testes
514 2121 619 2197 iniqui,
636 2127 666 2178 et
680 2123 807 2179 mentita
817 2128 861 2180 est
874 2123 1017 2198 iniquitas
1030 2123 1094 2180 sibi.

125 2203 367 2262 Postcommurarb.

128 2285 249 2361 Sumpti
261 2284 403 2355 sacrificii,
420 2283 557 2355 Domine,
573 2289 716 2360 perpetua
737 2303 791 2340 nos
812 2283 902 2340 tuitio
922 2303 983 2341 non
1007 2283 1211 2359 derelinquat:
1240 2291 1270 2342 et

64 2367 158 2424 noxia
171 2385 286 2443 semper
299 2385 317 2422 a
329 2365 414 2422 nobis
428 2370 533 2422 cuncta
547 2363 681 2440 depellat.
725 2363 784 2421 Per
797 2365 967 2422 Dominum.

128 2447 224 2522 Super
244 2446 401 2522 Populum.

129 2527 271 2597 Concede,
305 2546 481 2603 quaesumus,
517 2526 703 2602 omnipotens
737 2526 827 2597 Deus,
849 2531 885 2583 ut
915 2526 968 2601 qui
994 2527 1184 2603 protectionis
1211 2534 1270 2585 tuae

64 2610 194 2684 gratiam
208 2608 377 2684 quaerimus,
393 2607 511 2666 liberati
525 2628 543 2664 a
557 2607 641 2664 malis
655 2607 790 2664 omnibus
804 2627 904 2664 secura
919 2607 976 2664 tibi
989 2614 1088 2665 mente
1102 2609 1269 2666 serviamus

67 2690 128 2747 Per
142 2688 314 2747 Dominum.

599 2837 745 2896 Saennro.

133 2937 274 3012 Officium.

131 3019 273 3076 Miserere
287 3016 370 3090 mihi,
388 3016 524 3088 Domine,
540 3025 574 3072 ut
588 3035 686 3090 supro.

133 3099 243 3158 011111.

131 3179 281 3253 Proficiat,
310 3197 484 3255 quaesumus,
514 3176 650 3246 Domine,
678 3175 760 3252 plebs
799 3176 856 3233 1111
890 3177 986 3234 dicata
1020 3177 1075 3253 piae
1111 3178 1275 3237 devotionis

69 3262 201 3332 affectu,
228 3265 264 3317 ut
286 3261 374 3317 sacris
394 3259 558 3316 actionibus
572 3258 696 3329 erudita,
712 3265 825 3332 quanto
847 3258 996 3333 majestati
1017 3265 1076 3316 111
1099 3258 1134 3315 fit
1155 3261 1275 3337 gratior,

70 3349 158 3400 tanto
172 3341 257 3398 donis
270 3341 435 3417 potioribus
449 3345 598 3414 augeatur.
641 3338 700 3395 Per
714 3338 884 3395 Dominum.

132 3423 228 3480 Lectio
250 3421 405 3479 Hieremiae
425 3420 574 3495 Prophetae
594 3417 691 3495 (11111.
717 3419 831 3496 18-23)

132 3504 172 3560 In
187 3503 290 3560 diebus
303 3502 371 3573 illis,
387 3502 539 3557 Dixerunt
553 3500 638 3575 impii
651 3500 672 3557 J
674 3499 752 3556 udaei
765 3500 802 3556 ad
815 3500 962 3573 invicem3
983 3500 1104 3573 Venite,
1118 3503 1279 3578 cogitemus

71 3591 176 3642 contra
190 3585 306 3659 justum
320 3582 510 3658 cogitationes
524 3601 614 3655 usque
627 3581 667 3637 od
681 3581 755 3637 fiant
768 3587 937 3639 corruentes
950 3582 983 3639 in
997 3588 1156 3658 conspectu
1170 3588 1230 3656 tuo,
1247 3583 1280 3640 111

70 3672 205 3741 tempore
219 3663 327 3721 furoris
341 3663 396 3735 tui,
413 3662 540 3720 Domine
555 3661 636 3719 Deus
650 3680 740 3719 meus.

136 3744 272 3804 Grodole.

134 3826 259 3884 Pacifioe
273 3825 478 3901 loquebantur.

78 3908 107 3966 V.
134 3906 258 3977 Vidisti,
273 3905 410 3963 Domine.

133 3987 302 4046 Secundum
322 3985 488 4044 Joleoraaem
511 3985 566 4061 (oi.
590 3983 712 4060 54-71).

135 4069 175 4126 In
201 4068 252 4124 illo
280 4074 419 4143 tempore,
445 4066 535 4124 Dixit
556 4066 645 4123 Jesus
667 4065 816 4141 discipulis
838 4065 897 4123 suis
920 4072 950 4124 et
971 4065 1068 4125 turbis
1089 4068 1262 4128 Judaeorum
1274 4087 1283 4144 3

73 4151 184 4221 Amen,
209 4151 318 4219 Amen,
340 4148 404 4204 dico
425 4148 528 4205 vobis:
557 4147 627 4204 Nisi
649 4147 897 4204 manducaveritis
920 4166 1038 4206 carnem
1060 4169 1152 4225 aeque
1175 4152 1283 4210 orthio

68 4232 154 4288 enim
169 4237 233 4287 erat
248 4229 412 4286 traditurus
426 4249 502 4299 eum,
517 4248 584 4285 cum
598 4234 674 4285 esset
687 4247 765 4284 unus
779 4248 821 4308 ex
834 4228 996 4306 duodecim

137 4311 331 4386 offortorium.
629 4351 632 4356 -

135 4391 304 4450 Recordare
317 4391 396 4466 quod
409 4390 563 4448 steterim
555 4410 587 4446 11
602 4395 758 4484 conspectu
768 4397 828 4463 tuo,
837 4396 873 4448 ut
882 4391 1018 4469 loquerer
1031 4413 1086 4495 pro
1128 4394 1243 4453 eibonu
1245 4416 1274 4453 n:

67 4483 102 4534 et
116 4481 286 4532 averterem
299 4471 534 4566 indignationem
546 4477 631 4529 tuam
644 4472 720 4529 ab'
696 4491 744 4530 111.
