2926 4996
533 360 635 427 Faria
648 360 690 426 ai.
707 361 750 426 in
763 362 950 428 Parasccoc.
1278 367 1339 428 101

203 526 308 602 Siaqme
321 527 527 586 consnmmatis
540 529 672 586 omnibns
690 530 829 587 recedant.
864 529 932 587 Post
941 526 1138 604 refectmnem*
1152 529 1229 587 circa
1242 529 1344 589 doram

149 606 338 684 Vespcrarmm
351 608 520 666 conveniant
533 609 680 666 Pratitas
692 618 718 666 ct
733 608 837 669 Olerici
850 629 946 668 amnes
963 608 1097 668 Ecclesiae
1110 610 1151 667 ad
1164 609 1321 668 Ecclesiam
1331 633 1343 681 ,-

140 698 168 745 ct
179 688 267 764 sacta
282 690 372 764 prims
387 689 532 747 Mandata
547 690 725 764 Panperam,
743 699 842 764 postca
854 694 914 764 fiat
934 689 1114 748 Mandatum
1127 690 1279 764 Fratrum,
1294 692 1346 750 act

140 769 292 827 Proeiatns
304 778 329 827 et
343 770 479 828 Decanns
492 779 517 828 et
530 769 653 844 nmjares
672 770 812 842 Ecclesiae,
827 771 918 828 nudas
932 771 1063 847 pedibas,
1078 771 1200 829 accincti
1220 771 1343 844 lintheis,

140 850 239 908 lavent
258 849 397 925 fratrum
424 851 693 910 circumsedentium
712 852 807 928 pedes,
829 860 855 909 ct
875 860 1001 909 canatur
1024 851 1142 910 interim
1163 851 1342 927 Antiphane,

141 931 291 988 Dominus
311 931 334 990 J
335 951 400 990 esus
421 937 578 1009 postquam
588 952 597 1004 ;
617 952 684 989 cnm
705 932 827 1008 reliquis
839 931 1024 1008 Antiphanis,
1045 952 1110 1007 aaa
1129 933 1170 990 ad
1190 933 1241 991 tac
1262 933 1345 991 insti-

140 1021 213 1069 tuta
226 1021 296 1070 sant
309 1012 343 1069 in
353 1011 598 1088 reciprocant
629 1014 700 1072 Post
713 1013 772 1071 dac
781 1013 933 1071 Diaconos
945 1012 1078 1085 inditis,
1094 1021 1120 1071 et
1133 1010 1343 1086 Sabdiacanas,

139 1101 167 1149 et
197 1090 376 1168 Ocraferarii
400 1094 435 1152 in
460 1093 589 1152 mediam
610 1095 779 1170 procedant,
807 1094 859 1152 ast
885 1093 1036 1152 Dracones
1066 1093 1140 1170 leuat
1165 1094 1199 1152 in
1225 1096 1345 1153 modam

140 1173 295 1232 Lectionis.

202 1252 404 1328 Eaarsactimn.
447 1252 614 1312 Secundam
627 1254 655 1312 J
652 1255 794 1313 ohannem
807 1252 888 1330 (aiii.
904 1254 988 1332 acia.).

201 1334 286 1392 Ante
301 1335 379 1393 diem
392 1335 502 1392 festum
516 1335 636 1393 Paschae
650 1356 741 1411 asqne
755 1337 795 1393 ad
808 1355 908 1398 eamus
921 1333 999 1392 hino.

201 1413 329 1473 Interim
350 1437 371 1473 a
391 1416 536 1474 ministris
559 1416 677 1475 ccclesiae
695 1425 850 1492 ponantur
874 1435 970 1473 caram
986 1415 1113 1473 Praelata
1133 1424 1160 1474 et
1173 1415 1269 1474 ceteris
1282 1436 1345 1474 cam

138 1495 303 1554 salentitas
315 1516 428 1573 mappae
441 1506 468 1555 et
480 1497 589 1555 nebula
602 1517 669 1555 cam
687 1499 763 1568 aina,
779 1497 866 1572 qnasi
879 1498 919 1554 ad
941 1497 1111 1555 cenandum.
1154 1496 1260 1554 Finita
1280 1516 1344 1556 aera

135 1575 277 1648 Bectmne,
307 1587 375 1654 past
415 1578 597 1636 Mandatum
634 1578 813 1655 completam,
842 1577 941 1636 statim
974 1577 1122 1635 Praelatas
1155 1577 1236 1635 dicat
1269 1577 1345 1638 itanc

139 1655 314 1714 Orationem.

199 1737 347 1795 Dominus
359 1738 519 1798 vobiscum.
563 1737 696 1797 Oramus.

201 1817 310 1877 Oratio.

200 1898 327 1970 Adesto,
340 1898 477 1972 Domine,
491 1899 585 1957 officio
605 1900 757 1958 servitutis
776 1905 905 1972 nostrae3
936 1904 967 1956 et
988 1898 1059 1975 quia
1079 1903 1114 1956 tu
1135 1899 1223 1974 pedes
1244 1899 1343 1958 lavare

137 1977 278 2054 dignatus
292 1997 322 2036 es
336 1980 396 2037 tuis
407 1980 566 2058 discipulis,
577 2001 615 2038 ne
625 1981 765 2058 despicias
779 1999 867 2057 opera
879 1999 1022 2037 manuum
1035 1985 1164 2052 uiarum,
1179 1999 1243 2055 quae
1258 1980 1342 2037 nobis

137 2059 294 2117 retinenda
313 2060 480 2118 mandasti:
510 2062 560 2119 sed
588 2062 665 2119 sicut
687 2061 834 2118 exteriora
854 2060 902 2118 hic
923 2060 1087 2118 abluuntur
1107 2059 1340 2136 inquinamenta,

136 2139 179 2197 sio
191 2159 209 2196 a
219 2145 251 2197 te
263 2141 396 2197 omnium
409 2147 545 2199 nostrum
557 2142 700 2199 interiora
712 2141 851 2199 laventur
863 2147 988 2216 peccata.
1025 2140 1112 2209 Quod
1124 2140 1187 2215 ipse
1200 2147 1339 2217 praestare

136 2220 275 2296 digneris,
291 2221 343 2297 qui
362 2241 430 2279 oum
450 2221 514 2280 Deo
536 2223 635 2295 Patre,
650 2223 683 2279 in
703 2223 818 2279 unitate
839 2221 967 2298 Spiritus
987 2220 1089 2278 Sancti
1101 2221 1178 2278 vivis
1191 2227 1221 2277 et
1234 2240 1339 2297 regnas

137 2300 228 2359 Deus.
272 2301 331 2359 Per
344 2303 443 2359 omnis.
456 2303 561 2361 saecula
574 2302 753 2361 saeculorum.
794 2303 902 2360 Amen.

196 2381 258 2440 Hic
278 2384 413 2459 peractis,
436 2384 537 2441 statim
563 2382 701 2443 Sacerdos
729 2381 775 2464 [in
800 2381 993 2442 nan-MS.
1017 2379 1069 2476 D.]
1097 2401 1164 2440 cmm
1187 2382 1338 2441 Mimanta
1427 2398 1430 2402 ’

135 2470 161 2518 ct
196 2461 348 2538 Ommfero
375 2472 402 2522 et
434 2463 625 2540 Ocraferariis
644 2464 786 2537 [similiter
814 2465 848 2521 in
873 2463 963 2535 aaa,
993 2471 1144 2521 coarctante
1176 2461 1265 2534 Olera,
1298 2464 1339 2521 ad

135 2540 257 2600 Altaria
280 2543 409 2602 lavanda
426 2546 594 2621 procedant,
619 2546 670 2604 ati
688 2546 777 2622 prius
797 2565 877 2620 aqna
896 2544 1040 2602 benedicta
1060 2542 1336 2619 naperinfandatnr,

136 2622 284 2698 iacentque
307 2623 447 2683 Sacerdos
472 2634 498 2684 et
520 2626 671 2684 Diaconos
697 2625 817 2682 Altaria
840 2645 907 2683 cam
929 2625 1049 2700 hyssopo
1069 2633 1096 2681 ct
1120 2624 1225 2681 samaa
1247 2623 1339 2682 aaut

137 2703 251 2774 mamm
285 2713 311 2763 ct
340 2706 442 2764 deinde
468 2707 571 2764 vinnm
598 2706 872 2783 superinfundatar.
915 2706 998 2763 Dum
1021 2705 1079 2762 isac
1098 2708 1189 2780 fiant,
1213 2713 1339 2762 amcamr

135 2783 369 2860 Responsminm
394 2786 658 2845 Oiroumdedenmt
684 2807 740 2861 me,
768 2808 835 2845 cnm
864 2785 958 2845 Versa.
1011 2785 1115 2859 Postea
1136 2805 1200 2844 aero
1222 2785 1339 2843 dicatae

135 2862 308 2940 Antipdorm
330 2867 366 2924 de
388 2865 495 2926 Sancta
516 2868 711 2944 cujuscunque
730 2867 832 2925 Altare
852 2868 913 2927 erit.
966 2866 1006 2923 Et
1024 2864 1162 2924 Sacerdos
1182 2865 1339 2942 minanam

141 2944 318 3004 Versicntccm
336 2967 402 3005 cam
424 2947 562 3006 Oratione
575 2950 610 3007 de
627 2950 722 3007 eodem
735 2947 906 3008 coacclndcns
922 2947 1097 3019 Orationem,
1113 2946 1172 3004 Per
1186 2946 1336 3004 Christum

135 3024 299 3083 Dominum
311 3033 453 3089 nostrum.
1343 3063 1346 3068 ν

192 3107 258 3165 Hoc
272 3107 374 3166 ordine
385 3113 446 3183 fiat
460 3130 516 3185 per
529 3109 647 3185 sinposia
660 3107 783 3167 Altaria.
820 3110 891 3167 Post
904 3109 962 3167 dac
974 3128 1037 3166 ocra
1048 3109 1111 3166 bini
1119 3117 1145 3165 ct
1158 3109 1221 3166 bini
1234 3108 1335 3165 dicant

135 3184 358 3263 OampIetmium
373 3191 516 3265 privatim
532 3211 599 3248 cnm
611 3190 789 3266 Antiptarm.
832 3190 978 3247 Dominus
994 3187 1144 3264 tanquam.
1186 3189 1234 3246 Ps.
1259 3187 1335 3244 (ium

132 3267 307 3327 invocarem
364 3270 412 3328 Ps.
444 3271 485 3328 In
507 3276 538 3328 te
558 3271 687 3328 Domine
708 3270 829 3348 speravi
885 3271 933 3328 Ps.
967 3269 1043 3327 Eece
1062 3288 1141 3326 nuno
1161 3268 1332 3326 benedicito.

139 3347 284 3407 Vern’cidi.
338 3349 474 3408 Christus
496 3352 592 3408 fastus
612 3358 657 3410 est
679 3372 733 3428 pro
753 3351 844 3409 nobis.
898 3350 989 3408 Pater
1011 3355 1118 3407 noster.
1171 3349 1234 3424 Ego
1257 3347 1331 3420 dixi,

132 3436 157 3484 et
189 3439 289 3487 cetera.
344 3430 393 3488 Ps.
437 3431 578 3490 Miserere
611 3432 676 3490 mei
736 3429 898 3508 Sabjancta
924 3430 1060 3489 continno
1086 3438 1152 3506 post
1178 3428 1332 3486 Psalmam

134 3507 280 3584 Oratimre,
295 3510 419 3589 Respice
433 3532 599 3588 quaesumus
612 3512 749 3587 Domine,
766 3512 917 3590 praemisso
931 3520 1047 3569 tantam
1067 3510 1198 3570 Oramus.

400 3690 500 3748 anrs
520 3691 629 3750 Sexus.
672 3691 712 3749 In
732 3692 913 3750 Panssonvu
933 3690 1061 3750 norun

189 3819 262 3877 Post
272 3819 393 3878 Nonam
403 3820 557 3894 Proclama,
566 3823 656 3880 samis
669 3823 791 3880 aestibus
803 3823 927 3879 indatus
942 3841 1009 3878 cam
1024 3819 1143 3891 Oasrela,
1157 3827 1184 3877 ct
1196 3818 1333 3876 Ministri

130 3897 161 3956 in
174 3899 261 3958 Adsis
280 3909 404 3972 matam,
420 3903 620 3977 praesentibus
637 3901 834 3978 Germanis,
853 3903 978 3960 introeat
999 3903 1039 3959 ad
1055 3900 1177 3970 Altare,·
1208 3908 1234 3957 et
1255 3898 1332 3958 dieto

130 3976 241 4055 [semcte
261 3980 327 4040 MS.
354 3979 407 4061 D]
432 3992 498 4039 ante
522 3985 634 4058 aradae
655 3983 769 4041 Attenia
791 3984 881 4041 Pater
901 3989 1008 4055 noster,
1031 3983 1153 4039 sedeant.
1206 3978 1332 4039 Interim

127 4060 226 4216 thio
247 4061 307 4119 ista
328 4082 348 4120 a
368 4063 537 4139 Presbytero
558 4065 592 4122 in
612 4065 700 4139 niqra
722 4064 824 4140 Oapass
845 4065 879 4121 in
899 4063 993 4121 media
1015 4060 1106 4121 Onon
1126 4061 1224 4137 aisque
1246 4060 1330 4119 titula

170 4151 249 4199 atur.

186 4302 227 4361 ln
241 4268 435 4363 tribulatione
450 4324 504 4363 sua
523 4324 610 4364 mane
629 4312 805 4384 consurgent
818 4305 855 4363 ad
868 4324 937 4378 ms;
964 4304 1077 4362 Venite
1097 4309 1128 4362 et
1148 4308 1331 4362 revertamur

301 4429 316 4458 ⁸
330 4428 403 4475 MSS.
415 4430 442 4475 B.
453 4431 501 4476 and
512 4431 538 4476 O.
550 4432 608 4479 omit
618 4433 751 4479 remainder
762 4432 787 4478 of
801 4433 841 4478 the
852 4431 924 4477 Office
934 4431 961 4476 in
972 4431 1037 4476 Cena
1046 4430 1152 4476 Domini.

243 4487 530 4547 straminea-MS.
542 4490 572 4537 D.
817 4488 1210 4551 111mitamnmatata.—MS.D.
