<?xml version="1.0" encoding="UTF-8"?>
<!DOCTYPE html PUBLIC "-//W3C//DTD XHTML 1.0 Transitional//EN"
    "http://www.w3.org/TR/xhtml1/DTD/xhtml1-transitional.dtd">
<html xmlns="http://www.w3.org/1999/xhtml" xml:lang="en" lang="en">
 <head>
  <title>
</title>
<meta http-equiv="Content-Type" content="text/html;charset=utf-8" />
  <meta name='ocr-system' content='tesseract 3.04.00' />
  <meta name='ocr-capabilities' content='ocr_page ocr_carea ocr_par ocr_line ocrx_word'/>
</head>
<body>
  <div class='ocr_page' id='page_1' title='image "./missaleadusumin00churgoog_0182.png"; bbox 0 0 2926 4996; ppageno 0'>
   <div class='ocr_carea' id='block_1_1' title="bbox 368 379 1337 466">
    <p class='ocr_par' dir='ltr' id='par_1_1' title="bbox 368 379 1337 466">
     <span class='ocr_line' id='line_1_1' title="bbox 368 379 1337 466; baseline 0.004 -20"><span class='ocrx_word' id='word_1_1' title='bbox 368 379 516 446; x_wconf 80' lang='lat' dir='ltr'><strong>Sabbata</strong></span> <span class='ocrx_word' id='word_1_2' title='bbox 530 379 662 447; x_wconf 73' lang='lat' dir='ltr'><strong>Sancto.</strong></span> <span class='ocrx_word' id='word_1_3' title='bbox 700 379 918 466; x_wconf 71' lang='lat' dir='ltr'><strong>Septiforrnr&#39;s</strong></span> <span class='ocrx_word' id='word_1_4' title='bbox 931 379 1084 448; x_wconf 67' lang='lat' dir='ltr'><strong>Ia&#39;toac&#39;ob</strong></span> <span class='ocrx_word' id='word_1_5' title='bbox 1248 387 1253 397; x_wconf 87' lang='lat'>&#39;</span> <span class='ocrx_word' id='word_1_6' title='bbox 1276 384 1337 453; x_wconf 85' lang='lat'><strong>119</strong></span> 
     </span>
    </p>
   </div>
   <div class='ocr_carea' id='block_1_2' title="bbox 128 545 1338 1110">
    <p class='ocr_par' dir='ltr' id='par_1_2' title="bbox 128 545 1338 1110">
     <span class='ocr_line' id='line_1_2' title="bbox 134 545 1336 626; baseline 0.001 -21"><span class='ocrx_word' id='word_1_7' title='bbox 134 545 163 605; x_wconf 91' lang='lat' dir='ltr'><strong>V.</strong></span> <span class='ocrx_word' id='word_1_8' title='bbox 190 546 233 604; x_wconf 85' lang='lat' dir='ltr'><strong>Et</strong></span> <span class='ocrx_word' id='word_1_9' title='bbox 246 547 403 604; x_wconf 87' lang='lat' dir='ltr'><strong>maceriam</strong></span> <span class='ocrx_word' id='word_1_10' title='bbox 417 547 619 620; x_wconf 77' lang='lat' dir='ltr'>circumdedit,</span> <span class='ocrx_word' id='word_1_11' title='bbox 631 552 662 607; x_wconf 88' lang='lat' dir='ltr'><strong>et</strong></span> <span class='ocrx_word' id='word_1_12' title='bbox 676 547 871 621; x_wconf 76' lang='lat' dir='ltr'><strong>circumfodit,</strong></span> <span class='ocrx_word' id='word_1_13' title='bbox 884 555 916 607; x_wconf 89' lang='lat' dir='ltr'><strong>et</strong></span> <span class='ocrx_word' id='word_1_14' title='bbox 928 547 1078 626; x_wconf 72' lang='lat' dir='ltr'><strong>plantavit</strong></span> <span class='ocrx_word' id='word_1_15' title='bbox 1087 547 1205 606; x_wconf 81' lang='lat' dir='ltr'><strong>vineam</strong></span> <span class='ocrx_word' id='word_1_16' title='bbox 1220 547 1336 622; x_wconf 85' lang='lat' dir='ltr'><strong>Soreth,</strong></span> 
     </span>
     <span class='ocr_line' id='line_1_3' title="bbox 128 627 694 704; baseline 0.004 -20"><span class='ocrx_word' id='word_1_17' title='bbox 128 635 159 685; x_wconf 90' lang='lat' dir='ltr'><strong>et</strong></span> <span class='ocrx_word' id='word_1_18' title='bbox 172 627 330 685; x_wconf 84' lang='lat' dir='ltr'><strong>aedificavit</strong></span> <span class='ocrx_word' id='word_1_19' title='bbox 343 628 451 685; x_wconf 89' lang='lat' dir='ltr'><strong>turrim</strong></span> <span class='ocrx_word' id='word_1_20' title='bbox 466 629 499 685; x_wconf 91' lang='lat' dir='ltr'><strong>in</strong></span> <span class='ocrx_word' id='word_1_21' title='bbox 512 628 610 686; x_wconf 89' lang='lat' dir='ltr'><strong>medio</strong></span> <span class='ocrx_word' id='word_1_22' title='bbox 624 628 694 704; x_wconf 86' lang='lat' dir='ltr'><strong>ejus.</strong></span> 
     </span>
     <span class='ocr_line' id='line_1_4' title="bbox 135 707 1266 770; baseline 0.001 -1"><span class='ocrx_word' id='word_1_23' title='bbox 135 707 164 769; x_wconf 98' lang='lat' dir='ltr'><strong>V.</strong></span> <span class='ocrx_word' id='word_1_24' title='bbox 190 709 232 766; x_wconf 85' lang='lat' dir='ltr'><strong>Et</strong></span> <span class='ocrx_word' id='word_1_25' title='bbox 245 708 375 767; x_wconf 72' lang='lat' dir='ltr'>torcular</span> <span class='ocrx_word' id='word_1_26' title='bbox 388 708 464 767; x_wconf 85' lang='lat' dir='ltr'><strong>fodit</strong></span> <span class='ocrx_word' id='word_1_27' title='bbox 477 711 510 768; x_wconf 92' lang='lat' dir='ltr'><strong>in</strong></span> <span class='ocrx_word' id='word_1_28' title='bbox 523 729 576 770; x_wconf 87' lang='lat' dir='ltr'><strong>ea:</strong></span> <span class='ocrx_word' id='word_1_29' title='bbox 597 709 685 768; x_wconf 83' lang='lat' dir='ltr'><strong>vinea</strong></span> <span class='ocrx_word' id='word_1_30' title='bbox 698 708 823 768; x_wconf 88' lang='lat' dir='ltr'><strong>Domini</strong></span> <span class='ocrx_word' id='word_1_31' title='bbox 836 708 968 769; x_wconf 75' lang='lat' dir='ltr'><strong>Sabaoth</strong></span> <span class='ocrx_word' id='word_1_32' title='bbox 981 710 1087 770; x_wconf 88' lang='lat' dir='ltr'><strong>domus</strong></span> <span class='ocrx_word' id='word_1_33' title='bbox 1104 709 1199 770; x_wconf 85' lang='lat' dir='ltr'><strong>Israel</strong></span> <span class='ocrx_word' id='word_1_34' title='bbox 1212 713 1266 770; x_wconf 77' lang='lat' dir='ltr'><strong>est</strong></span> 
     </span>
     <span class='ocr_line' id='line_1_5' title="bbox 190 789 325 848; baseline 0.007 -1"><span class='ocrx_word' id='word_1_35' title='bbox 190 789 325 848; x_wconf 87' lang='lat' dir='ltr'><strong>Oremus.</strong></span> 
     </span>
     <span class='ocr_line' id='line_1_6' title="bbox 192 870 301 928; baseline 0 0"><span class='ocrx_word' id='word_1_36' title='bbox 192 870 301 928; x_wconf 79' lang='lat' dir='ltr'><strong>Oratio</strong></span> 
     </span>
     <span class='ocr_line' id='line_1_7' title="bbox 190 950 1338 1030; baseline 0.002 -22"><span class='ocrx_word' id='word_1_37' title='bbox 190 950 281 1024; x_wconf 89' lang='lat' dir='ltr'><strong>Deus,</strong></span> <span class='ocrx_word' id='word_1_38' title='bbox 296 951 416 1028; x_wconf 86' lang='lat' dir='ltr'><strong>quinos</strong></span> <span class='ocrx_word' id='word_1_39' title='bbox 429 951 467 1008; x_wconf 83' lang='lat' dir='ltr'><strong>ad</strong></span> <span class='ocrx_word' id='word_1_40' title='bbox 480 951 688 1010; x_wconf 89' lang='lat' dir='ltr'><strong>celebrandum</strong></span> <span class='ocrx_word' id='word_1_41' title='bbox 701 951 842 1010; x_wconf 87' lang='lat' dir='ltr'><strong>Paschale</strong></span> <span class='ocrx_word' id='word_1_42' title='bbox 864 958 1089 1025; x_wconf 85' lang='lat' dir='ltr'><strong>sacramentum,</strong></span> <span class='ocrx_word' id='word_1_43' title='bbox 1105 952 1262 1030; x_wconf 90' lang='lat' dir='ltr'><strong>utriusque</strong></span> <span class='ocrx_word' id='word_1_44' title='bbox 1282 957 1338 1010; x_wconf 91' lang='lat' dir='ltr'><strong>tes-</strong></span> 
     </span>
     <span class='ocr_line' id='line_1_8' title="bbox 129 1032 1336 1110; baseline 0.001 -21"><span class='ocrx_word' id='word_1_45' title='bbox 129 1033 256 1090; x_wconf 89' lang='lat' dir='ltr'><strong>tamenti</strong></span> <span class='ocrx_word' id='word_1_46' title='bbox 268 1033 383 1110; x_wconf 80' lang='lat' dir='ltr'><strong>paginis</strong></span> <span class='ocrx_word' id='word_1_47' title='bbox 396 1033 549 1091; x_wconf 87' lang='lat' dir='ltr'><strong>imbuisti:</strong></span> <span class='ocrx_word' id='word_1_48' title='bbox 569 1033 608 1091; x_wconf 89' lang='lat' dir='ltr'><strong>da</strong></span> <span class='ocrx_word' id='word_1_49' title='bbox 621 1032 706 1091; x_wconf 89' lang='lat' dir='ltr'><strong>nobis</strong></span> <span class='ocrx_word' id='word_1_50' title='bbox 719 1032 885 1110; x_wconf 89' lang='lat' dir='ltr'><strong>intelligere</strong></span> <span class='ocrx_word' id='word_1_51' title='bbox 898 1033 1129 1091; x_wconf 85' lang='lat' dir='ltr'><strong>misericordiam</strong></span> <span class='ocrx_word' id='word_1_52' title='bbox 1142 1039 1234 1103; x_wconf 90' lang='lat' dir='ltr'><strong>tuam,</strong></span> <span class='ocrx_word' id='word_1_53' title='bbox 1249 1041 1284 1090; x_wconf 91' lang='lat' dir='ltr'><strong>ut</strong></span> <span class='ocrx_word' id='word_1_54' title='bbox 1298 1053 1336 1090; x_wconf 84' lang='lat' dir='ltr'><strong>ex</strong></span> 
     </span>
    </p>
   </div>
   <div class='ocr_carea' id='block_1_3' title="bbox 130 1113 1335 1252">
    <p class='ocr_par' dir='ltr' id='par_1_3' title="bbox 130 1113 1335 1252">
     <span class='ocr_line' id='line_1_9' title="bbox 130 1113 1335 1194; baseline 0.004 -25"><span class='ocrx_word' id='word_1_55' title='bbox 130 1113 315 1189; x_wconf 85' lang='lat' dir='ltr'><strong>perceptione</strong></span> <span class='ocrx_word' id='word_1_56' title='bbox 346 1113 537 1189; x_wconf 86' lang='lat' dir='ltr'><strong>praesentium</strong></span> <span class='ocrx_word' id='word_1_57' title='bbox 567 1133 733 1187; x_wconf 88' lang='lat' dir='ltr'><strong>munerum,</strong></span> <span class='ocrx_word' id='word_1_58' title='bbox 758 1115 844 1172; x_wconf 89' lang='lat' dir='ltr'><strong>firma</strong></span> <span class='ocrx_word' id='word_1_59' title='bbox 875 1115 915 1172; x_wconf 90' lang='lat' dir='ltr'><strong>sit</strong></span> <span class='ocrx_word' id='word_1_60' title='bbox 946 1114 1128 1192; x_wconf 78' lang='lat' dir='ltr'><strong>exspectatio</strong></span> <span class='ocrx_word' id='word_1_61' title='bbox 1157 1114 1335 1194; x_wconf 78' lang='lat' dir='ltr'><strong>futurorum</strong></span> 
     </span>
     <span class='ocr_line' id='line_1_10' title="bbox 132 1194 376 1252; baseline 0.008 -2"><span class='ocrx_word' id='word_1_62' title='bbox 132 1195 191 1251; x_wconf 91' lang='lat' dir='ltr'><strong>Per</strong></span> <span class='ocrx_word' id='word_1_63' title='bbox 204 1194 376 1252; x_wconf 90' lang='lat' dir='ltr'><strong>Dominum.</strong></span> 
     </span>
    </p>
   </div>
   <div class='ocr_carea' id='block_1_4' title="bbox 131 1273 1412 3851">
    <p class='ocr_par' dir='ltr' id='par_1_4' title="bbox 190 1273 790 1354">
     <span class='ocr_line' id='line_1_11' title="bbox 190 1273 790 1354; baseline 0.003 -23"><span class='ocrx_word' id='word_1_64' title='bbox 190 1275 285 1332; x_wconf 72' lang='lat' dir='ltr'><strong>tectio</strong></span> <span class='ocrx_word' id='word_1_65' title='bbox 299 1285 414 1350; x_wconf 79' lang='lat' dir='ltr'><strong>quarta.</strong></span> <span class='ocrx_word' id='word_1_66' title='bbox 458 1274 562 1354; x_wconf 75' lang='lat' dir='ltr'><strong>(Dect.</strong></span> <span class='ocrx_word' id='word_1_67' title='bbox 578 1275 655 1333; x_wconf 66' lang='lat' dir='ltr'><strong>ascai.</strong></span> <span class='ocrx_word' id='word_1_68' title='bbox 672 1273 790 1353; x_wconf 79' lang='lat'><strong><em>22-30.)</em></strong></span> 
     </span>
    </p>

    <p class='ocr_par' dir='ltr' id='par_1_5' title="bbox 131 1352 1337 1668">
     <span class='ocr_line' id='line_1_12' title="bbox 192 1352 1336 1432; baseline 0.002 -20"><span class='ocrx_word' id='word_1_69' title='bbox 192 1355 316 1432; x_wconf 83' lang='lat' dir='ltr'><strong>Scripsit</strong></span> <span class='ocrx_word' id='word_1_70' title='bbox 336 1356 454 1432; x_wconf 85' lang='lat' dir='ltr'><strong>Moyses</strong></span> <span class='ocrx_word' id='word_1_71' title='bbox 474 1357 631 1429; x_wconf 89' lang='lat' dir='ltr'><strong>canticum,</strong></span> <span class='ocrx_word' id='word_1_72' title='bbox 647 1361 677 1414; x_wconf 91' lang='lat' dir='ltr'><strong>et</strong></span> <span class='ocrx_word' id='word_1_73' title='bbox 697 1356 798 1414; x_wconf 91' lang='lat' dir='ltr'><strong>docuit</strong></span> <span class='ocrx_word' id='word_1_74' title='bbox 818 1355 894 1421; x_wconf 85' lang='lat' dir='ltr'><strong>filios</strong></span> <span class='ocrx_word' id='word_1_75' title='bbox 914 1355 1008 1414; x_wconf 88' lang='lat' dir='ltr'><strong>Israel</strong></span> <span class='ocrx_word' id='word_1_76' title='bbox 1028 1375 1119 1432; x_wconf 77' lang='lat' dir='ltr'><strong>usqae</strong></span> <span class='ocrx_word' id='word_1_77' title='bbox 1138 1352 1181 1414; x_wconf 84' lang='lat' dir='ltr'><strong>ad</strong></span> <span class='ocrx_word' id='word_1_78' title='bbox 1197 1355 1336 1414; x_wconf 84' lang='lat' dir='ltr'><strong>audiente</strong></span> 
     </span>
     <span class='ocr_line' id='line_1_13' title="bbox 131 1437 1337 1514; baseline 0.002 -21"><span class='ocrx_word' id='word_1_79' title='bbox 131 1437 268 1494; x_wconf 80' lang='lat' dir='ltr'><strong>rmiverso</strong></span> <span class='ocrx_word' id='word_1_80' title='bbox 289 1443 366 1494; x_wconf 91' lang='lat' dir='ltr'><strong>coetu</strong></span> <span class='ocrx_word' id='word_1_81' title='bbox 386 1437 516 1495; x_wconf 89' lang='lat' dir='ltr'><strong>filiorum</strong></span> <span class='ocrx_word' id='word_1_82' title='bbox 536 1437 638 1510; x_wconf 89' lang='lat' dir='ltr'><strong>Israel,</strong></span> <span class='ocrx_word' id='word_1_83' title='bbox 653 1437 744 1496; x_wconf 87' lang='lat' dir='ltr'><strong>verba</strong></span> <span class='ocrx_word' id='word_1_84' title='bbox 763 1437 902 1495; x_wconf 88' lang='lat' dir='ltr'><strong>carminis</strong></span> <span class='ocrx_word' id='word_1_85' title='bbox 922 1437 1020 1514; x_wconf 86' lang='lat' dir='ltr'><strong>hujus,</strong></span> <span class='ocrx_word' id='word_1_86' title='bbox 1035 1446 1066 1496; x_wconf 89' lang='lat' dir='ltr'><strong>et</strong></span> <span class='ocrx_word' id='word_1_87' title='bbox 1083 1437 1121 1496; x_wconf 88' lang='lat' dir='ltr'><strong>ad</strong></span> <span class='ocrx_word' id='word_1_88' title='bbox 1138 1437 1228 1496; x_wconf 91' lang='lat' dir='ltr'><strong>finem</strong></span> <span class='ocrx_word' id='word_1_89' title='bbox 1244 1457 1337 1514; x_wconf 89' lang='lat' dir='ltr'><strong>usque</strong></span> 
     </span>
     <span class='ocr_line' id='line_1_14' title="bbox 132 1517 381 1594; baseline -0.004 -19"><span class='ocrx_word' id='word_1_90' title='bbox 132 1517 298 1594; x_wconf 87' lang='lat' dir='ltr'><strong>complevit.</strong></span> <span class='ocrx_word' id='word_1_91' title='bbox 376 1577 381 1586; x_wconf 68' lang='grc'>,</span> 
     </span>
     <span class='ocr_line' id='line_1_15' title="bbox 136 1599 530 1668; baseline 0 -12"><span class='ocrx_word' id='word_1_92' title='bbox 136 1623 138 1627; x_wconf 50' lang='lat'><strong><em>⁴</em></strong></span> <span class='ocrx_word' id='word_1_93' title='bbox 193 1599 324 1657; x_wconf 72' lang='lat' dir='ltr'><strong>Tractus,</strong></span> <span class='ocrx_word' id='word_1_94' title='bbox 500 1657 504 1668; x_wconf 69' lang='grc'>,</span> <span class='ocrx_word' id='word_1_95' title='bbox 528 1661 530 1665; x_wconf 64' lang='grc'>,</span> 
     </span>
    </p>

    <p class='ocr_par' dir='ltr' id='par_1_6' title="bbox 191 1679 1196 1758">
     <span class='ocr_line' id='line_1_16' title="bbox 191 1679 1196 1758; baseline 0.002 -21"><span class='ocrx_word' id='word_1_96' title='bbox 191 1680 326 1737; x_wconf 88' lang='lat' dir='ltr'><strong>Attende</strong></span> <span class='ocrx_word' id='word_1_97' title='bbox 339 1679 444 1738; x_wconf 83' lang='lat' dir='ltr'><strong>caelum</strong></span> <span class='ocrx_word' id='word_1_98' title='bbox 458 1686 488 1738; x_wconf 91' lang='lat' dir='ltr'><strong>et</strong></span> <span class='ocrx_word' id='word_1_99' title='bbox 501 1680 606 1758; x_wconf 88' lang='lat' dir='ltr'><strong>loquar</strong></span> <span class='ocrx_word' id='word_1_100' title='bbox 619 1700 625 1737; x_wconf 94' lang='lat'><strong>:</strong></span> <span class='ocrx_word' id='word_1_101' title='bbox 647 1685 678 1738; x_wconf 91' lang='lat' dir='ltr'><strong>et</strong></span> <span class='ocrx_word' id='word_1_102' title='bbox 691 1679 794 1738; x_wconf 90' lang='lat' dir='ltr'><strong>audiat</strong></span> <span class='ocrx_word' id='word_1_103' title='bbox 808 1684 889 1737; x_wconf 88' lang='lat' dir='ltr'><strong>terra</strong></span> <span class='ocrx_word' id='word_1_104' title='bbox 901 1679 993 1737; x_wconf 86' lang='lat' dir='ltr'><strong>verba</strong></span> <span class='ocrx_word' id='word_1_105' title='bbox 1006 1699 1044 1736; x_wconf 86' lang='lat' dir='ltr'><strong>ex</strong></span> <span class='ocrx_word' id='word_1_106' title='bbox 1058 1699 1108 1737; x_wconf 90' lang='lat' dir='ltr'><strong>ora</strong></span> <span class='ocrx_word' id='word_1_107' title='bbox 1121 1699 1196 1739; x_wconf 91' lang='lat' dir='ltr'><strong>meo.</strong></span> 
     </span>
    </p>

    <p class='ocr_par' dir='ltr' id='par_1_7' title="bbox 131 1759 1412 2241">
     <span class='ocr_line' id='line_1_17' title="bbox 138 1759 1340 1838; baseline -0.001 -19"><span class='ocrx_word' id='word_1_108' title='bbox 138 1759 167 1819; x_wconf 98' lang='lat' dir='ltr'><strong>V.</strong></span> <span class='ocrx_word' id='word_1_109' title='bbox 193 1761 377 1837; x_wconf 90' lang='lat' dir='ltr'><strong>Expectetur</strong></span> <span class='ocrx_word' id='word_1_110' title='bbox 397 1762 473 1819; x_wconf 89' lang='lat' dir='ltr'><strong>sicut</strong></span> <span class='ocrx_word' id='word_1_111' title='bbox 494 1761 597 1838; x_wconf 83' lang='lat' dir='ltr'><strong>pluvia</strong></span> <span class='ocrx_word' id='word_1_112' title='bbox 617 1760 768 1837; x_wconf 91' lang='lat' dir='ltr'><strong>eloquium</strong></span> <span class='ocrx_word' id='word_1_113' title='bbox 788 1779 912 1819; x_wconf 90' lang='lat' dir='ltr'><strong>meum:</strong></span> <span class='ocrx_word' id='word_1_114' title='bbox 940 1765 972 1819; x_wconf 90' lang='lat' dir='ltr'><strong>et</strong></span> <span class='ocrx_word' id='word_1_115' title='bbox 993 1760 1172 1818; x_wconf 90' lang='lat' dir='ltr'><strong>descendant</strong></span> <span class='ocrx_word' id='word_1_116' title='bbox 1193 1760 1270 1818; x_wconf 89' lang='lat' dir='ltr'><strong>siout</strong></span> <span class='ocrx_word' id='word_1_117' title='bbox 1291 1779 1340 1818; x_wconf 86' lang='lat' dir='ltr'><strong>ros</strong></span> 
     </span>
     <span class='ocr_line' id='line_1_18' title="bbox 131 1840 1337 1918; baseline 0.002 -21"><span class='ocrx_word' id='word_1_118' title='bbox 131 1842 221 1900; x_wconf 86' lang='lat' dir='ltr'><strong>verba</strong></span> <span class='ocrx_word' id='word_1_119' title='bbox 245 1862 329 1900; x_wconf 84' lang='lat' dir='ltr'><strong>mea:</strong></span> <span class='ocrx_word' id='word_1_120' title='bbox 359 1842 436 1900; x_wconf 91' lang='lat' dir='ltr'><strong>sicut</strong></span> <span class='ocrx_word' id='word_1_121' title='bbox 459 1842 555 1899; x_wconf 90' lang='lat' dir='ltr'><strong>imber</strong></span> <span class='ocrx_word' id='word_1_122' title='bbox 578 1861 666 1917; x_wconf 87' lang='lat' dir='ltr'><strong>super</strong></span> <span class='ocrx_word' id='word_1_123' title='bbox 688 1841 838 1918; x_wconf 85' lang='lat' dir='ltr'><strong>gramina:</strong></span> <span class='ocrx_word' id='word_1_124' title='bbox 867 1845 899 1898; x_wconf 88' lang='lat' dir='ltr'><strong>et</strong></span> <span class='ocrx_word' id='word_1_125' title='bbox 920 1843 998 1899; x_wconf 90' lang='lat' dir='ltr'><strong>sicut</strong></span> <span class='ocrx_word' id='word_1_126' title='bbox 1019 1840 1075 1898; x_wconf 83' lang='lat' dir='ltr'><strong>nix</strong></span> <span class='ocrx_word' id='word_1_127' title='bbox 1096 1860 1184 1918; x_wconf 91' lang='lat' dir='ltr'><strong>super</strong></span> <span class='ocrx_word' id='word_1_128' title='bbox 1205 1841 1337 1900; x_wconf 83' lang='lat' dir='ltr'><strong>faenum:</strong></span> 
     </span>
     <span class='ocr_line' id='line_1_19' title="bbox 132 1923 857 1998; baseline -0.001 -18"><span class='ocrx_word' id='word_1_129' title='bbox 132 1923 202 1998; x_wconf 89' lang='lat' dir='ltr'><strong>quia</strong></span> <span class='ocrx_word' id='word_1_130' title='bbox 215 1942 324 1980; x_wconf 91' lang='lat' dir='ltr'><strong>nomen</strong></span> <span class='ocrx_word' id='word_1_131' title='bbox 337 1923 461 1980; x_wconf 89' lang='lat' dir='ltr'><strong>Domini</strong></span> <span class='ocrx_word' id='word_1_132' title='bbox 475 1923 626 1980; x_wconf 87' lang='lat' dir='ltr'><strong>invocabo.</strong></span> <span class='ocrx_word' id='word_1_133' title='bbox 825 1979 831 1989; x_wconf 72' lang='grc'><em>,</em></span> <span class='ocrx_word' id='word_1_134' title='bbox 855 1982 857 1986; x_wconf 55' lang='grc'><strong>,</strong></span> 
     </span>
     <span class='ocr_line' id='line_1_20' title="bbox 138 2003 1341 2080; baseline 0 -20"><span class='ocrx_word' id='word_1_135' title='bbox 138 2004 166 2060; x_wconf 89' lang='lat' dir='ltr'><strong>V.</strong></span> <span class='ocrx_word' id='word_1_136' title='bbox 194 2004 273 2060; x_wconf 85' lang='lat' dir='ltr'><strong>Date</strong></span> <span class='ocrx_word' id='word_1_137' title='bbox 286 2003 535 2080; x_wconf 81' lang='lat' dir='ltr'><strong>magnificentiam</strong></span> <span class='ocrx_word' id='word_1_138' title='bbox 555 2003 620 2061; x_wconf 90' lang='lat' dir='ltr'><strong>Dec</strong></span> <span class='ocrx_word' id='word_1_139' title='bbox 640 2008 742 2062; x_wconf 89' lang='lat' dir='ltr'><strong>nostro</strong></span> <span class='ocrx_word' id='word_1_140' title='bbox 756 2023 764 2063; x_wconf 74' lang='grc' dir='ltr'><strong><em>ε</em></strong></span> <span class='ocrx_word' id='word_1_141' title='bbox 784 2003 868 2061; x_wconf 89' lang='lat' dir='ltr'><strong>Deus</strong></span> <span class='ocrx_word' id='word_1_142' title='bbox 881 2021 974 2060; x_wconf 83' lang='lat' dir='ltr'><strong>verax</strong></span> <span class='ocrx_word' id='word_1_143' title='bbox 987 2015 1075 2080; x_wconf 85' lang='lat' dir='ltr'><strong>opera</strong></span> <span class='ocrx_word' id='word_1_144' title='bbox 1088 2003 1151 2078; x_wconf 88' lang='lat' dir='ltr'><strong>ejus</strong></span> <span class='ocrx_word' id='word_1_145' title='bbox 1165 2022 1172 2060; x_wconf 91' lang='lat'>:</span> <span class='ocrx_word' id='word_1_146' title='bbox 1196 2007 1227 2060; x_wconf 89' lang='lat' dir='ltr'><strong>et</strong></span> <span class='ocrx_word' id='word_1_147' title='bbox 1240 2021 1341 2060; x_wconf 90' lang='lat' dir='ltr'><strong>omnes</strong></span> 
     </span>
     <span class='ocr_line' id='line_1_21' title="bbox 132 2085 844 2160; baseline 0 -21"><span class='ocrx_word' id='word_1_148' title='bbox 132 2085 188 2141; x_wconf 85' lang='lat' dir='ltr'><strong>viae</strong></span> <span class='ocrx_word' id='word_1_149' title='bbox 202 2085 266 2160; x_wconf 89' lang='lat' dir='ltr'><strong>ejus</strong></span> <span class='ocrx_word' id='word_1_150' title='bbox 282 2085 402 2160; x_wconf 88' lang='lat' dir='ltr'><strong>judicia.</strong></span> <span class='ocrx_word' id='word_1_151' title='bbox 765 2141 768 2146; x_wconf 80' lang='grc'><em>,</em></span> <span class='ocrx_word' id='word_1_152' title='bbox 843 2135 844 2139; x_wconf 75' lang='grc'>,</span> 
     </span>
     <span class='ocr_line' id='line_1_22' title="bbox 138 2163 1412 2241; baseline -0.002 -19"><span class='ocrx_word' id='word_1_153' title='bbox 138 2166 165 2222; x_wconf 90' lang='lat' dir='ltr'><strong>V.</strong></span> <span class='ocrx_word' id='word_1_154' title='bbox 193 2166 275 2223; x_wconf 87' lang='lat' dir='ltr'><strong>Deus</strong></span> <span class='ocrx_word' id='word_1_155' title='bbox 289 2165 393 2239; x_wconf 87' lang='lat' dir='ltr'><strong>fidelis,</strong></span> <span class='ocrx_word' id='word_1_156' title='bbox 408 2165 441 2222; x_wconf 90' lang='lat' dir='ltr'><strong>in</strong></span> <span class='ocrx_word' id='word_1_157' title='bbox 455 2184 513 2241; x_wconf 91' lang='lat' dir='ltr'><strong>quo</strong></span> <span class='ocrx_word' id='word_1_158' title='bbox 527 2170 647 2223; x_wconf 89' lang='lat' dir='ltr'><strong>nonest</strong></span> <span class='ocrx_word' id='word_1_159' title='bbox 660 2163 825 2241; x_wconf 80' lang='lat' dir='ltr'><strong>iniquitas:</strong></span> <span class='ocrx_word' id='word_1_160' title='bbox 848 2164 949 2240; x_wconf 89' lang='lat' dir='ltr'><strong>justus</strong></span> <span class='ocrx_word' id='word_1_161' title='bbox 963 2169 994 2221; x_wconf 92' lang='lat' dir='ltr'><strong>et</strong></span> <span class='ocrx_word' id='word_1_162' title='bbox 1008 2168 1126 2222; x_wconf 87' lang='lat' dir='ltr'><strong>sanctus</strong></span> <span class='ocrx_word' id='word_1_163' title='bbox 1140 2163 1298 2222; x_wconf 80' lang='lat' dir='ltr'><strong>Dominae.</strong></span> <span class='ocrx_word' id='word_1_164' title='bbox 1408 2224 1412 2237; x_wconf 41' lang='grc'><strong>,</strong></span> 
     </span>
    </p>

    <p class='ocr_par' dir='ltr' id='par_1_8' title="bbox 194 2246 349 2324">
     <span class='ocr_line' id='line_1_23' title="bbox 194 2246 349 2324; baseline 0 -20"><span class='ocrx_word' id='word_1_165' title='bbox 194 2246 349 2324; x_wconf 51' lang='lat' dir='ltr'><strong>Oramus„</strong></span> 
     </span>
    </p>

    <p class='ocr_par' dir='ltr' id='par_1_9' title="bbox 194 2327 592 2389">
     <span class='ocr_line' id='line_1_24' title="bbox 194 2327 592 2389; baseline 0.01 -4"><span class='ocrx_word' id='word_1_166' title='bbox 194 2327 304 2385; x_wconf 80' lang='lat' dir='ltr'><strong>Oratio</strong></span> <span class='ocrx_word' id='word_1_167' title='bbox 590 2386 592 2389; x_wconf 84' lang='grc'><strong>,</strong></span> 
     </span>
    </p>

    <p class='ocr_par' dir='ltr' id='par_1_10' title="bbox 132 2403 1340 2635">
     <span class='ocr_line' id='line_1_25' title="bbox 194 2403 1339 2484; baseline -0.001 -19"><span class='ocrx_word' id='word_1_168' title='bbox 194 2408 285 2480; x_wconf 89' lang='lat' dir='ltr'><strong>Deus,</strong></span> <span class='ocrx_word' id='word_1_169' title='bbox 308 2407 362 2484; x_wconf 92' lang='lat' dir='ltr'><strong>qui</strong></span> <span class='ocrx_word' id='word_1_170' title='bbox 382 2407 544 2465; x_wconf 81' lang='lat' dir='ltr'><strong>Ecclesiam</strong></span> <span class='ocrx_word' id='word_1_171' title='bbox 566 2413 649 2465; x_wconf 88' lang='lat' dir='ltr'><strong>tuam</strong></span> <span class='ocrx_word' id='word_1_172' title='bbox 672 2427 788 2484; x_wconf 87' lang='lat' dir='ltr'><strong>semper</strong></span> <span class='ocrx_word' id='word_1_173' title='bbox 808 2406 943 2484; x_wconf 83' lang='lat' dir='ltr'><strong>gentium</strong></span> <span class='ocrx_word' id='word_1_174' title='bbox 964 2403 1118 2464; x_wconf 86' lang='lat' dir='ltr'><strong>vocatione</strong></span> <span class='ocrx_word' id='word_1_175' title='bbox 1140 2404 1339 2482; x_wconf 87' lang='lat' dir='ltr'><strong>multiplicas:</strong></span> 
     </span>
     <span class='ocr_line' id='line_1_26' title="bbox 132 2487 1340 2566; baseline -0.001 -21"><span class='ocrx_word' id='word_1_176' title='bbox 132 2489 265 2561; x_wconf 88' lang='lat' dir='ltr'><strong>concede,</strong></span> <span class='ocrx_word' id='word_1_177' title='bbox 281 2488 436 2565; x_wconf 86' lang='lat' dir='ltr'><strong>propitius,</strong></span> <span class='ocrx_word' id='word_1_178' title='bbox 450 2495 486 2546; x_wconf 91' lang='lat' dir='ltr'><strong>ut</strong></span> <span class='ocrx_word' id='word_1_179' title='bbox 500 2508 573 2564; x_wconf 92' lang='lat' dir='ltr'><strong>quos</strong></span> <span class='ocrx_word' id='word_1_180' title='bbox 587 2508 664 2565; x_wconf 87' lang='lat' dir='ltr'><strong>aqua</strong></span> <span class='ocrx_word' id='word_1_181' title='bbox 676 2489 864 2566; x_wconf 87' lang='lat' dir='ltr'><strong>baptismatis</strong></span> <span class='ocrx_word' id='word_1_182' title='bbox 877 2487 982 2560; x_wconf 84' lang='lat' dir='ltr'><strong>abluis,</strong></span> <span class='ocrx_word' id='word_1_183' title='bbox 997 2487 1141 2545; x_wconf 86' lang='lat' dir='ltr'><strong>continua</strong></span> <span class='ocrx_word' id='word_1_184' title='bbox 1158 2487 1340 2564; x_wconf 88' lang='lat' dir='ltr'><strong>protectione</strong></span> 
     </span>
     <span class='ocr_line' id='line_1_27' title="bbox 133 2569 805 2635; baseline 0 -9"><span class='ocrx_word' id='word_1_185' title='bbox 133 2571 252 2628; x_wconf 85' lang='lat' dir='ltr'><strong>tuearis.</strong></span> <span class='ocrx_word' id='word_1_186' title='bbox 297 2571 356 2626; x_wconf 92' lang='lat' dir='ltr'><strong>Per</strong></span> <span class='ocrx_word' id='word_1_187' title='bbox 369 2569 541 2627; x_wconf 87' lang='lat' dir='ltr'><strong>Dominum.</strong></span> <span class='ocrx_word' id='word_1_188' title='bbox 775 2629 778 2635; x_wconf 68' lang='grc'>,</span> <span class='ocrx_word' id='word_1_189' title='bbox 802 2629 805 2635; x_wconf 59' lang='grc'><strong><em>,</em></strong></span> 
     </span>
    </p>

    <p class='ocr_par' dir='ltr' id='par_1_11' title="bbox 192 2649 891 2728">
     <span class='ocr_line' id='line_1_28' title="bbox 192 2649 891 2728; baseline 0 -21"><span class='ocrx_word' id='word_1_190' title='bbox 192 2651 290 2709; x_wconf 80' lang='lat' dir='ltr'><strong>Lectio</strong></span> <span class='ocrx_word' id='word_1_191' title='bbox 311 2651 423 2726; x_wconf 76' lang='lat' dir='ltr'><strong>quinta.</strong></span> <span class='ocrx_word' id='word_1_192' title='bbox 466 2650 590 2728; x_wconf 80' lang='lat' dir='ltr'><strong>(Esaiae,</strong></span> <span class='ocrx_word' id='word_1_193' title='bbox 607 2650 653 2708; x_wconf 81' lang='lat' dir='ltr'><strong>tic.</strong></span> <span class='ocrx_word' id='word_1_194' title='bbox 673 2650 718 2723; x_wconf 78' lang='lat' dir='ltr'><strong>lt,</strong></span> <span class='ocrx_word' id='word_1_195' title='bbox 741 2650 776 2708; x_wconf 82' lang='lat' dir='ltr'><strong>lo.</strong></span> <span class='ocrx_word' id='word_1_196' title='bbox 795 2649 891 2727; x_wconf 87' lang='lat' dir='ltr'><strong>l-ll.)</strong></span> 
     </span>
    </p>

    <p class='ocr_par' dir='ltr' id='par_1_12' title="bbox 135 2728 1341 2951">
     <span class='ocr_line' id='line_1_29' title="bbox 192 2728 1341 2808; baseline -0.003 -19"><span class='ocrx_word' id='word_1_197' title='bbox 192 2732 269 2789; x_wconf 88' lang='lat' dir='ltr'><strong>Haec</strong></span> <span class='ocrx_word' id='word_1_198' title='bbox 290 2739 335 2789; x_wconf 90' lang='lat' dir='ltr'><strong>est</strong></span> <span class='ocrx_word' id='word_1_199' title='bbox 355 2732 503 2789; x_wconf 85' lang='lat' dir='ltr'><strong>hereditas</strong></span> <span class='ocrx_word' id='word_1_200' title='bbox 523 2732 676 2807; x_wconf 68' lang='lat' dir='ltr'><strong>usquead</strong></span> <span class='ocrx_word' id='word_1_201' title='bbox 695 2731 863 2808; x_wconf 85' lang='lat' dir='ltr'><strong>egredietur</strong></span> <span class='ocrx_word' id='word_1_202' title='bbox 882 2730 919 2789; x_wconf 91' lang='lat' dir='ltr'><strong>de</strong></span> <span class='ocrx_word' id='word_1_203' title='bbox 940 2749 990 2788; x_wconf 91' lang='lat' dir='ltr'><strong>ore</strong></span> <span class='ocrx_word' id='word_1_204' title='bbox 1009 2749 1085 2804; x_wconf 90' lang='lat' dir='ltr'><strong>meo,</strong></span> <span class='ocrx_word' id='word_1_205' title='bbox 1101 2729 1176 2788; x_wconf 90' lang='lat' dir='ltr'><strong>dicit</strong></span> <span class='ocrx_word' id='word_1_206' title='bbox 1193 2728 1341 2787; x_wconf 89' lang='lat' dir='ltr'><strong>Dominus</strong></span> 
     </span>
     <span class='ocr_line' id='line_1_30' title="bbox 135 2813 330 2951; baseline 0 -81"><span class='ocrx_word' id='word_1_207' title='bbox 135 2813 330 2951; x_wconf 57' lang='lat' dir='ltr'><strong>omnqipotens.</strong></span> 
     </span>
    </p>

    <p class='ocr_par' dir='ltr' id='par_1_13' title="bbox 223 2903 329 2952">
     <span class='ocr_line' id='line_1_31' title="bbox 223 2903 329 2952; baseline 0.009 -2"><span class='ocrx_word' id='word_1_208' title='bbox 223 2903 329 2952; x_wconf 81' lang='lat' dir='ltr'><strong>ructus.</strong></span> 
     </span>
    </p>

    <p class='ocr_par' dir='ltr' id='par_1_14' title="bbox 135 2966 1343 3276">
     <span class='ocr_line' id='line_1_32' title="bbox 194 2966 1343 3050; baseline -0.004 -17"><span class='ocrx_word' id='word_1_209' title='bbox 194 2974 279 3033; x_wconf 83' lang='lat' dir='ltr'><strong>Sicut</strong></span> <span class='ocrx_word' id='word_1_210' title='bbox 293 2993 397 3033; x_wconf 85' lang='lat' dir='ltr'><strong>cervus</strong></span> <span class='ocrx_word' id='word_1_211' title='bbox 411 2973 558 3032; x_wconf 88' lang='lat' dir='ltr'><strong>desiderat</strong></span> <span class='ocrx_word' id='word_1_212' title='bbox 571 2974 609 3032; x_wconf 88' lang='lat' dir='ltr'><strong>ad</strong></span> <span class='ocrx_word' id='word_1_213' title='bbox 626 2973 724 3031; x_wconf 86' lang='lat' dir='ltr'><strong>fontes</strong></span> <span class='ocrx_word' id='word_1_214' title='bbox 741 2991 906 3050; x_wconf 88' lang='lat' dir='ltr'><strong>aquarum:</strong></span> <span class='ocrx_word' id='word_1_215' title='bbox 934 2973 979 3030; x_wconf 88' lang='lat' dir='ltr'><strong>ita</strong></span> <span class='ocrx_word' id='word_1_216' title='bbox 1000 2972 1148 3031; x_wconf 86' lang='lat' dir='ltr'><strong>desiderat</strong></span> <span class='ocrx_word' id='word_1_217' title='bbox 1164 2966 1265 3030; x_wconf 84' lang='lat' dir='ltr'><strong>anima</strong></span> <span class='ocrx_word' id='word_1_218' title='bbox 1277 2990 1343 3029; x_wconf 91' lang='lat' dir='ltr'><strong>mea</strong></span> 
     </span>
     <span class='ocr_line' id='line_1_33' title="bbox 135 3055 333 3127; baseline 0.005 -15"><span class='ocrx_word' id='word_1_219' title='bbox 135 3056 172 3113; x_wconf 85' lang='lat' dir='ltr'><strong>ad</strong></span> <span class='ocrx_word' id='word_1_220' title='bbox 187 3062 229 3127; x_wconf 90' lang='lat' dir='ltr'><strong>te,</strong></span> <span class='ocrx_word' id='word_1_221' title='bbox 244 3055 333 3113; x_wconf 88' lang='lat' dir='ltr'><strong>Deus</strong></span> 
     </span>
     <span class='ocr_line' id='line_1_34' title="bbox 142 3133 1343 3211; baseline -0.003 -17"><span class='ocrx_word' id='word_1_222' title='bbox 142 3137 171 3194; x_wconf 88' lang='lat' dir='ltr'><strong>V.</strong></span> <span class='ocrx_word' id='word_1_223' title='bbox 198 3136 302 3194; x_wconf 84' lang='lat' dir='ltr'><strong>Sitivit</strong></span> <span class='ocrx_word' id='word_1_224' title='bbox 323 3136 423 3193; x_wconf 85' lang='lat' dir='ltr'><strong>anima</strong></span> <span class='ocrx_word' id='word_1_225' title='bbox 443 3155 509 3193; x_wconf 89' lang='lat' dir='ltr'><strong>mea</strong></span> <span class='ocrx_word' id='word_1_226' title='bbox 530 3133 568 3192; x_wconf 88' lang='lat' dir='ltr'><strong>ad</strong></span> <span class='ocrx_word' id='word_1_227' title='bbox 590 3135 690 3193; x_wconf 92' lang='lat' dir='ltr'><strong>Deum</strong></span> <span class='ocrx_word' id='word_1_228' title='bbox 711 3135 824 3208; x_wconf 86' lang='lat' dir='ltr'><strong>vivum,</strong></span> <span class='ocrx_word' id='word_1_229' title='bbox 848 3134 967 3211; x_wconf 88' lang='lat' dir='ltr'><strong>quando</strong></span> <span class='ocrx_word' id='word_1_230' title='bbox 992 3134 1111 3191; x_wconf 82' lang='lat' dir='ltr'><strong>veniam</strong></span> <span class='ocrx_word' id='word_1_231' title='bbox 1140 3140 1171 3192; x_wconf 90' lang='lat' dir='ltr'><strong>et</strong></span> <span class='ocrx_word' id='word_1_232' title='bbox 1197 3133 1343 3210; x_wconf 87' lang='lat' dir='ltr'><strong>apparebo</strong></span> 
     </span>
     <span class='ocr_line' id='line_1_35' title="bbox 136 3217 880 3276; baseline -0.001 -2"><span class='ocrx_word' id='word_1_233' title='bbox 136 3223 204 3274; x_wconf 87' lang='lat' dir='ltr'><strong>ante</strong></span> <span class='ocrx_word' id='word_1_234' title='bbox 219 3217 325 3275; x_wconf 86' lang='lat' dir='ltr'><strong>faciem</strong></span> <span class='ocrx_word' id='word_1_235' title='bbox 339 3217 398 3274; x_wconf 92' lang='lat' dir='ltr'><strong>Dei</strong></span> <span class='ocrx_word' id='word_1_236' title='bbox 411 3217 479 3276; x_wconf 89' lang='lat' dir='ltr'><strong>mei.</strong></span> <span class='ocrx_word' id='word_1_237' title='bbox 879 3219 880 3222; x_wconf 70' lang='grc'>’</span> 
     </span>
    </p>

    <p class='ocr_par' dir='ltr' id='par_1_15' title="bbox 137 3292 1344 3455">
     <span class='ocr_line' id='line_1_36' title="bbox 141 3292 1344 3373; baseline -0.003 -18"><span class='ocrx_word' id='word_1_238' title='bbox 141 3298 169 3355; x_wconf 87' lang='lat' dir='ltr'><strong>V.</strong></span> <span class='ocrx_word' id='word_1_239' title='bbox 194 3299 332 3355; x_wconf 86' lang='lat' dir='ltr'><strong>Fuerunt</strong></span> <span class='ocrx_word' id='word_1_240' title='bbox 346 3297 570 3373; x_wconf 86' lang='lat' dir='ltr'><strong>mihilacrymae</strong></span> <span class='ocrx_word' id='word_1_241' title='bbox 588 3316 661 3354; x_wconf 84' lang='lat' dir='ltr'><strong>meae</strong></span> <span class='ocrx_word' id='word_1_242' title='bbox 683 3316 774 3373; x_wconf 86' lang='lat' dir='ltr'><strong>panes</strong></span> <span class='ocrx_word' id='word_1_243' title='bbox 791 3296 839 3354; x_wconf 90' lang='lat' dir='ltr'><strong>die</strong></span> <span class='ocrx_word' id='word_1_244' title='bbox 857 3315 890 3354; x_wconf 92' lang='lat' dir='ltr'><strong>ac</strong></span> <span class='ocrx_word' id='word_1_245' title='bbox 908 3301 1016 3354; x_wconf 88' lang='lat' dir='ltr'><strong>nocte:</strong></span> <span class='ocrx_word' id='word_1_246' title='bbox 1045 3295 1117 3353; x_wconf 90' lang='lat' dir='ltr'><strong>dum</strong></span> <span class='ocrx_word' id='word_1_247' title='bbox 1138 3294 1249 3352; x_wconf 87' lang='lat' dir='ltr'><strong>dicitur</strong></span> <span class='ocrx_word' id='word_1_248' title='bbox 1269 3292 1344 3351; x_wconf 90' lang='lat' dir='ltr'><strong>mihi</strong></span> 
     </span>
     <span class='ocr_line' id='line_1_37' title="bbox 137 3378 758 3455; baseline -0.002 -18"><span class='ocrx_word' id='word_1_249' title='bbox 137 3399 188 3454; x_wconf 87' lang='lat' dir='ltr'><strong>per</strong></span> <span class='ocrx_word' id='word_1_250' title='bbox 202 3378 333 3455; x_wconf 81' lang='lat' dir='ltr'><strong>singulos</strong></span> <span class='ocrx_word' id='word_1_251' title='bbox 347 3378 416 3450; x_wconf 90' lang='lat' dir='ltr'><strong>dies,</strong></span> <span class='ocrx_word' id='word_1_252' title='bbox 433 3378 499 3436; x_wconf 91' lang='lat' dir='ltr'><strong>Ubi</strong></span> <span class='ocrx_word' id='word_1_253' title='bbox 512 3384 557 3436; x_wconf 87' lang='lat' dir='ltr'><strong>est</strong></span> <span class='ocrx_word' id='word_1_254' title='bbox 571 3378 654 3435; x_wconf 89' lang='lat' dir='ltr'><strong>Deus</strong></span> <span class='ocrx_word' id='word_1_255' title='bbox 668 3379 758 3436; x_wconf 83' lang='lat' dir='ltr'><strong>tuusl</strong></span> 
     </span>
    </p>

    <p class='ocr_par' dir='ltr' id='par_1_16' title="bbox 200 3459 333 3518">
     <span class='ocr_line' id='line_1_38' title="bbox 200 3459 333 3518; baseline 0.008 -1"><span class='ocrx_word' id='word_1_256' title='bbox 200 3459 333 3518; x_wconf 84' lang='lat' dir='ltr'><strong>Oremus</strong></span> 
     </span>
    </p>

    <p class='ocr_par' dir='ltr' id='par_1_17' title="bbox 200 3540 309 3599">
     <span class='ocr_line' id='line_1_39' title="bbox 200 3540 309 3599; baseline -0.009 0"><span class='ocrx_word' id='word_1_257' title='bbox 200 3540 309 3599; x_wconf 78' lang='lat' dir='ltr'><strong>Oratio</strong></span> 
     </span>
    </p>

    <p class='ocr_par' dir='ltr' id='par_1_18' title="bbox 138 3614 1375 3851">
     <span class='ocr_line' id='line_1_40' title="bbox 196 3614 1341 3697; baseline -0.004 -19"><span class='ocrx_word' id='word_1_258' title='bbox 196 3621 340 3692; x_wconf 79' lang='lat' dir='ltr'><strong>Concede,</strong></span> <span class='ocrx_word' id='word_1_259' title='bbox 356 3640 531 3696; x_wconf 85' lang='lat' dir='ltr'><strong>quaesumus,</strong></span> <span class='ocrx_word' id='word_1_260' title='bbox 546 3619 732 3697; x_wconf 86' lang='lat' dir='ltr'><strong>omnipotens</strong></span> <span class='ocrx_word' id='word_1_261' title='bbox 746 3619 836 3692; x_wconf 87' lang='lat' dir='ltr'><strong>Deus,</strong></span> <span class='ocrx_word' id='word_1_262' title='bbox 851 3624 887 3676; x_wconf 93' lang='lat' dir='ltr'><strong>ut</strong></span> <span class='ocrx_word' id='word_1_263' title='bbox 900 3617 952 3694; x_wconf 92' lang='lat' dir='ltr'><strong>qui</strong></span> <span class='ocrx_word' id='word_1_264' title='bbox 965 3617 1040 3676; x_wconf 85' lang='lat' dir='ltr'><strong>festa</strong></span> <span class='ocrx_word' id='word_1_265' title='bbox 1054 3616 1207 3676; x_wconf 86' lang='lat' dir='ltr'><strong>Paschalia</strong></span> <span class='ocrx_word' id='word_1_266' title='bbox 1220 3614 1341 3693; x_wconf 86' lang='lat' dir='ltr'><strong>agimus,</strong></span> 
     </span>
     <span class='ocr_line' id='line_1_41' title="bbox 138 3699 1344 3772; baseline -0.005 -13"><span class='ocrx_word' id='word_1_267' title='bbox 138 3701 301 3759; x_wconf 75' lang='lat' dir='ltr'><strong>celestibus</strong></span> <span class='ocrx_word' id='word_1_268' title='bbox 321 3702 472 3758; x_wconf 87' lang='lat' dir='ltr'><strong>desideriis</strong></span> <span class='ocrx_word' id='word_1_269' title='bbox 492 3701 614 3772; x_wconf 88' lang='lat' dir='ltr'><strong>accensi,</strong></span> <span class='ocrx_word' id='word_1_270' title='bbox 633 3701 746 3758; x_wconf 87' lang='lat' dir='ltr'><strong>fontem</strong></span> <span class='ocrx_word' id='word_1_271' title='bbox 768 3700 840 3757; x_wconf 83' lang='lat' dir='ltr'><strong>vitae</strong></span> <span class='ocrx_word' id='word_1_272' title='bbox 862 3700 997 3757; x_wconf 86' lang='lat' dir='ltr'><strong>sitiamus</strong></span> <span class='ocrx_word' id='word_1_273' title='bbox 1020 3699 1185 3756; x_wconf 88' lang='lat' dir='ltr'><strong>Dominum</strong></span> <span class='ocrx_word' id='word_1_274' title='bbox 1208 3703 1344 3756; x_wconf 89' lang='lat' dir='ltr'><strong>nostrum</strong></span> 
     </span>
     <span class='ocr_line' id='line_1_42' title="bbox 138 3779 1375 3851; baseline -0.002 -11"><span class='ocrx_word' id='word_1_275' title='bbox 138 3783 158 3840; x_wconf 88' lang='lat' dir='ltr'><strong>J</strong></span> <span class='ocrx_word' id='word_1_276' title='bbox 159 3803 241 3840; x_wconf 90' lang='lat' dir='ltr'><strong>esum</strong></span> <span class='ocrx_word' id='word_1_277' title='bbox 256 3783 409 3840; x_wconf 83' lang='lat' dir='ltr'><strong>Christum</strong></span> <span class='ocrx_word' id='word_1_278' title='bbox 423 3782 534 3840; x_wconf 85' lang='lat' dir='ltr'><strong>Filium</strong></span> <span class='ocrx_word' id='word_1_279' title='bbox 547 3789 642 3840; x_wconf 89' lang='lat' dir='ltr'><strong>tuum.</strong></span> <span class='ocrx_word' id='word_1_280' title='bbox 687 3781 747 3851; x_wconf 76' lang='lat' dir='ltr'><strong>Qui</strong></span> <span class='ocrx_word' id='word_1_281' title='bbox 760 3786 866 3839; x_wconf 90' lang='lat' dir='ltr'><strong>tecum.</strong></span> <span class='ocrx_word' id='word_1_282' title='bbox 1365 3779 1375 3796; x_wconf 82' lang='lat'><em>&#39;</em></span> 
     </span>
    </p>
   </div>
   <div class='ocr_carea' id='block_1_5' title="bbox 140 3873 1343 4214">
    <p class='ocr_par' dir='ltr' id='par_1_19' title="bbox 140 3873 1343 4214">
     <span class='ocr_line' id='line_1_43' title="bbox 198 3873 1343 3956; baseline -0.003 -20"><span class='ocrx_word' id='word_1_283' title='bbox 198 3877 321 3938; x_wconf 69' lang='lat' dir='ltr'><strong>*Postea</strong></span> <span class='ocrx_word' id='word_1_284' title='bbox 341 3889 444 3954; x_wconf 80' lang='lat' dir='ltr'><strong>septem</strong></span> <span class='ocrx_word' id='word_1_285' title='bbox 454 3880 545 3956; x_wconf 78' lang='lat' dir='ltr'><strong>pueri</strong></span> <span class='ocrx_word' id='word_1_286' title='bbox 557 3878 823 3955; x_wconf 78' lang='lat' dir='ltr'><strong>iaSupcrpelliecis</strong></span> <span class='ocrx_word' id='word_1_287' title='bbox 835 3877 880 3936; x_wconf 80' lang='lat' dir='ltr'><strong>ccl</strong></span> <span class='ocrx_word' id='word_1_288' title='bbox 891 3879 925 3936; x_wconf 79' lang='lat' dir='ltr'><strong>ia</strong></span> <span class='ocrx_word' id='word_1_289' title='bbox 938 3876 1020 3935; x_wconf 80' lang='lat' dir='ltr'><strong>Albis</strong></span> <span class='ocrx_word' id='word_1_290' title='bbox 1033 3878 1067 3935; x_wconf 80' lang='lat' dir='ltr'><strong>a&#39;a</strong></span> <span class='ocrx_word' id='word_1_291' title='bbox 1081 3875 1174 3937; x_wconf 75' lang='lat' dir='ltr'><strong>Chore</strong></span> <span class='ocrx_word' id='word_1_292' title='bbox 1189 3873 1343 3933; x_wconf 68' lang='lat' dir='ltr'><strong>litaniam</strong></span> 
     </span>
     <span class='ocr_line' id='line_1_44' title="bbox 140 3959 1078 4036; baseline 0 -20"><span class='ocrx_word' id='word_1_293' title='bbox 140 3961 212 4019; x_wconf 69' lang='lat' dir='ltr'><strong>lianc</strong></span> <span class='ocrx_word' id='word_1_294' title='bbox 226 3969 349 4032; x_wconf 75' lang='lat' dir='ltr'><strong>cautent,</strong></span> <span class='ocrx_word' id='word_1_295' title='bbox 367 3959 461 4019; x_wconf 78' lang='lat' dir='ltr'><strong>Odore</strong></span> <span class='ocrx_word' id='word_1_296' title='bbox 475 3962 515 4019; x_wconf 80' lang='lat' dir='ltr'><strong>eis</strong></span> <span class='ocrx_word' id='word_1_297' title='bbox 529 3960 697 4019; x_wconf 74' lang='lat' dir='ltr'><strong>altemaatim</strong></span> <span class='ocrx_word' id='word_1_298' title='bbox 710 3960 903 4036; x_wconf 77' lang='lat' dir='ltr'><strong>respondente.</strong></span> <span class='ocrx_word' id='word_1_299' title='bbox 945 3959 1078 4016; x_wconf 70' lang='lat' dir='ltr'><strong>bitunia.</strong></span> 
     </span>
     <span class='ocr_line' id='line_1_45' title="bbox 299 4057 535 4134; baseline 0.008 -20"><span class='ocrx_word' id='word_1_300' title='bbox 299 4057 397 4134; x_wconf 85' lang='lat' dir='ltr'><strong>Kyrie</strong></span> <span class='ocrx_word' id='word_1_301' title='bbox 411 4057 535 4134; x_wconf 78' lang='lat' dir='ltr'><strong>eleyson</strong></span> 
     </span>
     <span class='ocr_line' id='line_1_46' title="bbox 300 4138 555 4214; baseline 0.004 -19"><span class='ocrx_word' id='word_1_302' title='bbox 300 4138 417 4196; x_wconf 79' lang='lat' dir='ltr'><strong>Christe</strong></span> <span class='ocrx_word' id='word_1_303' title='bbox 431 4139 555 4214; x_wconf 89' lang='lat' dir='ltr'><strong>eleyson.</strong></span> 
     </span>
    </p>
   </div>
   <div class='ocr_carea' id='block_1_6' title="bbox 298 4219 894 4372">
    <p class='ocr_par' dir='ltr' id='par_1_20' title="bbox 298 4219 894 4372">
     <span class='ocr_line' id='line_1_47' title="bbox 300 4219 576 4277; baseline 0 -1"><span class='ocrx_word' id='word_1_304' title='bbox 300 4219 418 4276; x_wconf 82' lang='lat' dir='ltr'><strong>Christe</strong></span> <span class='ocrx_word' id='word_1_305' title='bbox 431 4220 501 4276; x_wconf 86' lang='lat' dir='ltr'><strong>audi</strong></span> <span class='ocrx_word' id='word_1_306' title='bbox 515 4239 576 4277; x_wconf 80' lang='lat' dir='ltr'><strong>nos,</strong></span> 
     </span>
     <span class='ocr_line' id='line_1_48' title="bbox 298 4297 894 4372; baseline -0.002 -14"><span class='ocrx_word' id='word_1_307' title='bbox 298 4300 390 4358; x_wconf 86' lang='lat' dir='ltr'><strong>Pater</strong></span> <span class='ocrx_word' id='word_1_308' title='bbox 403 4301 439 4357; x_wconf 88' lang='lat' dir='ltr'><strong>de</strong></span> <span class='ocrx_word' id='word_1_309' title='bbox 453 4300 530 4358; x_wconf 81' lang='lat' dir='ltr'><strong>caelis</strong></span> <span class='ocrx_word' id='word_1_310' title='bbox 544 4300 634 4372; x_wconf 81' lang='lat' dir='ltr'><strong>Deua,</strong></span> <span class='ocrx_word' id='word_1_311' title='bbox 650 4299 787 4356; x_wconf 90' lang='lat' dir='ltr'><strong>miserere</strong></span> <span class='ocrx_word' id='word_1_312' title='bbox 800 4297 894 4357; x_wconf 86' lang='lat' dir='ltr'><strong>nobis.</strong></span> 
     </span>
    </p>
   </div>
   <div class='ocr_carea' id='block_1_7' title="bbox 145 4464 1344 4586">
    <p class='ocr_par' dir='ltr' id='par_1_21' title="bbox 145 4464 1344 4586">
     <span class='ocr_line' id='line_1_49' title="bbox 145 4464 1344 4586; baseline -0.002 -73"><span class='ocrx_word' id='word_1_313' title='bbox 145 4524 162 4567; x_wconf 70' lang='lat' dir='ltr'><em>P</em></span> <span class='ocrx_word' id='word_1_314' title='bbox 193 4468 318 4586; x_wconf 39' lang='lat' dir='ltr'><strong><em>ItMSff.</em></strong></span> <span class='ocrx_word' id='word_1_315' title='bbox 330 4466 453 4513; x_wconf 86' lang='lat' dir='ltr'><strong>omitsthe</strong></span> <span class='ocrx_word' id='word_1_316' title='bbox 464 4466 574 4511; x_wconf 85' lang='lat' dir='ltr'><strong>Litanies</strong></span> <span class='ocrx_word' id='word_1_317' title='bbox 583 4465 632 4511; x_wconf 84' lang='lat' dir='ltr'><strong>and</strong></span> <span class='ocrx_word' id='word_1_318' title='bbox 642 4464 783 4512; x_wconf 88' lang='lat' dir='ltr'><strong>Benedictio</strong></span> <span class='ocrx_word' id='word_1_319' title='bbox 793 4465 888 4523; x_wconf 84' lang='lat' dir='ltr'><strong>Fontis,</strong></span> <span class='ocrx_word' id='word_1_320' title='bbox 899 4465 948 4510; x_wconf 87' lang='lat' dir='ltr'><strong>and</strong></span> <span class='ocrx_word' id='word_1_321' title='bbox 957 4478 1016 4523; x_wconf 81' lang='lat' dir='ltr'><strong>goes</strong></span> <span class='ocrx_word' id='word_1_322' title='bbox 1026 4479 1058 4512; x_wconf 90' lang='lat' dir='ltr'><strong>on</strong></span> <span class='ocrx_word' id='word_1_323' title='bbox 1068 4479 1096 4511; x_wconf 74' lang='lat' dir='ltr'><strong>aa</strong></span> <span class='ocrx_word' id='word_1_324' title='bbox 1104 4467 1129 4512; x_wconf 84' lang='lat' dir='ltr'><strong>at</strong></span> <span class='ocrx_word' id='word_1_325' title='bbox 1139 4479 1162 4525; x_wconf 90' lang='lat' dir='ltr'><strong>p.</strong></span> <span class='ocrx_word' id='word_1_326' title='bbox 1175 4464 1344 4512; x_wconf 69' lang='lat' dir='ltr'><strong>lit-Deinde</strong></span> 
     </span>
     <span class='ocr_line' id='line_1_50' title="bbox 161 4540 312 4583; baseline 0.007 -13"><span class='ocrx_word' id='word_1_327' title='bbox 161 4540 215 4571; x_wconf 79' lang='lat' dir='ltr'><strong>roea</strong></span> <span class='ocrx_word' id='word_1_328' title='bbox 226 4542 259 4583; x_wconf 80' lang='lat' dir='ltr'><strong>ua,</strong></span> <span class='ocrx_word' id='word_1_329' title='bbox 275 4547 282 4572; x_wconf 78' lang='lat' dir='ltr'><strong>t</strong></span> <span class='ocrx_word' id='word_1_330' title='bbox 294 4542 312 4572; x_wconf 88' lang='lat' dir='ltr'><strong>c.</strong></span> 
     </span>
    </p>
   </div>
   <div class='ocr_carea' id='block_1_8' title="bbox 0 0 1485 4996">
    <p class='ocr_par' dir='ltr' id='par_1_22' title="bbox 0 0 1485 4996">
     <span class='ocr_line' id='line_1_51' title="bbox 0 0 1485 4996; baseline 0 0"><span class='ocrx_word' id='word_1_331' title='bbox 0 0 1485 4996; x_wconf 95' lang='lat' dir='ltr'><strong> </strong></span> 
     </span>
    </p>
   </div>
  </div>
 </body>
</html>
