2926 4996
489 389 538 454 Ire
550 390 643 454 Festo
658 389 768 454 secreti
784 387 921 453 Thorace.

222 558 328 615 Hostis
342 564 456 615 naturae
470 563 555 614 natos
569 557 710 614 eviscerat
722 562 811 632 atquc
822 557 948 633 jugulat.

220 645 303 696 Ante
317 638 485 715 prosternit,
501 657 590 714 quam
605 643 675 695 aetas
688 638 812 713 parvula
825 643 924 695 sumet
936 637 1049 693 robora„

221 721 316 790 eram
331 721 418 777 beata
431 724 502 776 sunt
518 719 716 775 innocentum
729 718 767 776 ab
781 719 902 775 Herode
915 737 989 775 caesa
1002 717 1179 793 corpuscula.

222 802 318 870 Quem
332 801 430 858 felices
444 800 578 857 existunt
590 806 708 870 matreS,
724 819 789 874 quae
809 799 951 856 fuderunt
965 799 1038 856 talia
1050 798 1180 874 pignora.

222 882 248 940 Ο
265 882 364 939 dulces
385 881 584 939 innocentum
603 881 696 938 acies!
718 880 743 938 Ο
764 881 814 957 pia
834 880 1008 938 lactentium
1027 898 1081 956 pro
1103 878 1221 936 Christo
1242 897 1303 936 cer-

300 962 414 1020 tamine
426 965 432 1019 l

221 1043 418 1101 Parvulorum
431 1043 620 1101 trucidantur
632 1042 735 1115 millia,
750 1043 889 1100 membris
908 1061 945 1098 cx
958 1041 1068 1098 teneris
1080 1046 1204 1098 manant
1217 1040 1303 1097 lactis

301 1125 432 1182 flumina.

221 1206 307 1263 Cives
321 1205 445 1281 angelici
459 1205 584 1262 veniunt
598 1204 631 1260 in
645 1204 771 1276 obviam,

220 1286 301 1343 Mira
314 1287 438 1343 victoria
452 1287 521 1342 vitae
535 1291 634 1362 captat
647 1286 769 1361 praemia
781 1285 875 1342 turba
884 1284 1098 1342 candidissima.

220 1367 271 1439 Te,
287 1367 411 1440 Christe,
427 1367 555 1443 petimus
568 1372 667 1424 mente
681 1367 879 1438 devotissima,

220 1447 331 1506 Nostra
345 1449 398 1524 qui
410 1448 520 1505 venisti
533 1447 691 1504 reformare
704 1448 817 1520 saecula,
832 1447 1030 1503 Innocentum
1043 1445 1138 1523 gloria

219 1528 338 1586 Perfrui
351 1549 405 1586 nos
419 1529 558 1587 concedas
571 1548 624 1604 per
638 1534 756 1586 aeterna.

157 1656 324 1738 [Diaconos
348 1659 473 1716 tectores
496 1657 692 1733 Eoorcpeliom
718 1658 752 1714 io
775 1658 892 1734 putsrito
918 1666 1000 1733 petat
1024 1657 1243 1715 benedictionem
1267 1659 1302 1715 ab

98 1741 247 1815 Episcopo,
291 1739 393 1797 Finito
407 1739 566 1813 Econpelio
579 1739 730 1797 Diaconos
743 1740 843 1813 efficat
863 1739 972 1797 tibrum
989 1739 1144 1814 Eooopetii
1161 1738 1302 1814 Episcopo

95 1823 136 1877 od
150 1820 462 1878 osculandum-MS.
480 1819 532 1900 D.]

157 1900 324 1959 Secundam
338 1901 373 1956 M
374 1902 512 1958 nttltoeum
526 1901 574 1978 (ii.
594 1899 702 1980 1348}

158 1982 197 2038 In
211 1982 264 2039 illo
280 1989 410 2059 tempore
424 1983 557 2059 Angelus
572 1981 696 2039 Domini
709 1982 848 2058 apparuit
863 1983 895 2038 in
909 1982 1019 2039 somnis
1033 1981 1054 2039 J
1056 1981 1145 2058 oseph
1159 2001 1248 2056 cisque
1262 1983 1303 2038 oct

94 2063 193 2120 noluit
208 2063 360 2137 consolari,
375 2064 445 2139 quia
458 2083 518 2120 non
537 2069 615 2120 sunt.

158 2142 261 2200 Credo.

159 2224 352 2298 offertorium.

157 2305 272 2362 Anima
285 2312 386 2363 nostra
400 2306 476 2363 sicut
495 2326 594 2382 passer
612 2311 713 2382 erepta
730 2312 774 2362 est
794 2306 830 2362 de
847 2305 951 2380 laqueo
965 2305 1160 2363 venantium:
1180 2304 1302 2380 laqueus

93 2387 242 2444 contritus
256 2394 310 2458 est,
324 2393 355 2444 et
368 2406 422 2444 nos
435 2387 553 2444 liberati
566 2407 674 2444 sumus.

157 2469 278 2525 Secreto.

158 2549 336 2606 Sanctorum
350 2555 470 2605 tuorum
485 2548 695 2606 Innocentium
709 2549 802 2621 nobis,
819 2548 955 2621 Domine,
970 2546 1020 2624 pia
1033 2567 1094 2604 non
1108 2547 1184 2605 desit
1197 2547 1301 2620 oratio,

93 2641 162 2706 quae
176 2635 207 2687 et
221 2649 344 2686 munera
357 2636 458 2687 nostra
471 2630 528 2687 tibi
541 2630 685 2702 conciliet,
702 2635 732 2687 et
752 2636 838 2687 tuam
853 2630 938 2686 nobis
954 2629 1168 2706 indulgentiam
1188 2648 1303 2706 semper

94 2712 239 2768 obtineat.
284 2710 343 2768 Per
358 2711 528 2768 Dominum.

157 2791 308 2867 Proefatio.
352 2792 429 2861 Quia
442 2812 495 2867 per
508 2792 662 2849 incarnati
706 2790 973 2849 Communicantes.

159 2871 339 2930 Coruncanio,

158 2954 231 3011 Vox
251 2955 284 3010 in
305 2954 401 3010 Rama
414 2954 516 3010 audita
529 2959 581 3022 est,
596 2954 728 3029 ploratus
747 2959 776 3010 ct
796 2953 944 3027 ululatusj
969 2952 1081 3010 Rachel
1094 2953 1212 3030 plorans
1226 2952 1302 3010 filios

93 3055 164 3092 suos
177 3035 276 3092 noluit
290 3034 434 3092 consolari
447 3034 517 3110 quia
530 3054 591 3091 non
604 3040 682 3092 sunt.

157 3115 399 3174 Postcommcmio

157 3197 279 3268 Votiva,
307 3196 444 3266 Domine,
467 3196 545 3252 dona
571 3195 761 3272 percepimus
787 3216 853 3272 quae
881 3202 1051 3253 sanctorum
1074 3202 1196 3252 tuorum
1218 3195 1302 3252 nobis

94 3277 232 3354 precibus
246 3283 276 3334 et
297 3277 448 3354 praesentis
462 3277 542 3349 vitae,
557 3297 732 3354 quaesumus,
747 3279 859 3353 pariter
876 3284 907 3335 et
925 3285 1042 3334 aeternae
1059 3276 1157 3333 tribue
1171 3275 1302 3333 conferre

95 3358 269 3415 subsidium.
314 3357 373 3415 Per
387 3358 557 3415 Dominum.

159 3435 213 3518 [Et
233 3439 344 3497 dicitnr
357 3438 570 3497 Benedicamus
589 3439 727 3511 Domin0‚
743 3439 804 3496 nisi
819 3439 976 3497 Doraieico
987 3437 1093 3513 fuerit,
1110 3447 1178 3494 tenc
1192 3437 1304 3495 dicetur

96 3521 155 3592 Ite,
171 3520 259 3577 missa
273 3519 434 3579 est—MS.
450 3517 503 3600 D.]

160 3778 214 3858 [In
237 3779 285 3836 die
312 3778 406 3836 sancti
435 3778 551 3836 Pioccoe
574 3776 670 3836 Misso
698 3777 878 3853 capitularis,
904 3786 938 3833 ot
965 3795 1056 3851 supro
1079 3774 1113 3832 io
1136 3775 1183 3833 <tie
1210 3777 1304 3835 sorceti

95 3861 376 3936 ‚tlepiluminototur
421 3859 561 3934 Officium.
593 3858 673 3915 Puer
683 3867 777 3916 natus.
822 3857 930 3915 Oratio.
974 3857 1115 3929 Concede,
1126 3876 1300 3932 quaesumus.

95 3941 243 4000 Memorio
257 3942 291 3998 de
306 3949 403 3998 sancto
416 3939 560 4015 Stephano
574 3949 600 3997 et
613 3941 647 3997 de
661 3949 759 3997 saneto
770 3939 912 4008 Johonrw,
928 3939 963 3995 de
976 3936 1187 4010 [succentibus
1203 3947 1228 3996 et
1241 3938 1304 3997 atio

97 4023 202 4082 Oratio
216 4024 257 4080 ad
269 4029 377 4079 nutum
390 4019 685 4080 Sameramis—MS.
702 4018 755 4099 D.]

382 4153 422 4211 Iu
442 4153 565 4210 Narem
585 4169 690 4210 cauom
711 4151 832 4210 Tnoun
852 4150 1027 4208 Mnarrnrs.

162 4281 315 4364 [Oratoribus
328 4283 362 4341 io
373 4283 465 4360 Cepis
477 4283 583 4352 sericis,
600 4281 690 4358 prius
698 4281 786 4357 sacto
795 4281 981 4358 processione,
995 4279 1189 4339 siDominico
1195 4280 1301 4357 fuerit,

101 4367 207 4423 Rector
220 4363 308 4423 Obori
320 4365 444 4441 incipiet
461 4363 710 4439 Officium-MS.
725 4361 778 4443 D.]

163 4445 213 4502 Act
225 4444 357 4504 Missam.
401 4445 539 4520 Officium.
584 4444 750 4502 Laetabitur
765 4445 866 4520 justus
879 4443 912 4500 in
926 4442 1063 4502 Domino.

164 4523 274 4605 [Kyrie
292 4547 358 4584 cam
379 4526 519 4600 Versibus,
541 4525 567 4584 Ο
587 4545 640 4582 rex
658 4526 791 4584 clemens.
836 4525 981 4584 Gloriain
995 4523 1232 4583 excelsis-MS.
1250 4522 1302 4603 D.]

10 4696 296 4972 hm.
