2926 4996
602 303 722 368 Canon
736 302 859 367 Missa.
905 294 913 309 ’

595 512 683 571 MSS.
706 514 768 570 and
788 512 864 569 Eun.

191 617 372 695 Antiphone.
416 617 520 674 Trium
540 637 697 693 puerorum
718 624 869 674 cantemus
890 617 1044 692 hymnum,
1066 637 1156 695 quem
1177 619 1314 676 cantabant

130 703 162 758 in
177 701 291 757 camino
305 700 383 774 ignis
396 698 601 756 benedicentes
614 699 785 758 Dominum.

191 781 240 839 Ps.
264 780 444 848 Benedicite,
459 780 630 837 sacerdotes,

191 863 239 922 Ps.
263 861 396 918 Laudate
410 860 574 916 Dominum
587 861 620 916 in
634 860 743 917 sanctis
757 861 827 935 ejus

191 945 239 1001 Ps.
262 942 353 1000 Nune
367 942 501 1000 dimittis

192 1023 282 1107 [Cum
303 1023 405 1080 Gloria
426 1021 511 1078 Patri
531 1031 557 1079 et
578 1021 661 1079 Sicut
682 1028 753 1079 eret
796 1023 838 1078 Et
858 1023 988 1098 sequitur
1008 1022 1204 1100 Antiphone:
1231 1022 1310 1080 Trium

130 1103 404 1183 puerorum-MS.
422 1100 475 1182 D.]

292 1185 389 1259 Kyrie
403 1184 528 1258 eleyson
572 1184 690 1240 Christe
703 1185 828 1260 eleyson.
873 1184 970 1260 Kyrie
983 1186 1111 1262 eleyson.

292 1265 383 1322 Pater
395 1273 503 1321 noster.
547 1264 588 1321 Et
602 1284 714 1321 nenos.
758 1265 816 1322 sed
829 1266 929 1323 libera.

293 1347 498 1403 Oonfiteantur
510 1346 576 1415 tibi,
592 1346 729 1416 Domine,
745 1342 985 1425 [omnin-MSS.
1001 1346 1034 1404 A
1047 1347 1072 1403 dt
1088 1344 1132 1427 D]
1146 1367 1232 1424 opere
1243 1353 1295 1406 tna:

333 1427 374 1484 Et
388 1427 483 1483 sancti
496 1427 543 1482 tui
556 1426 729 1484 benedicent
742 1428 807 1486 tibi.

292 1508 482 1565 Exultabunt
494 1507 589 1564 sancti
602 1508 634 1563 in
648 1507 742 1583 gloria
755 1529 761 1564 :

333 1588 529 1645 Laetabuntur
542 1589 574 1644 in
588 1589 734 1646 cubilibus
748 1590 816 1646 suis.

292 1670 440 1727 Exultent
449 1670 526 1745 justi
539 1669 573 1726 in
586 1676 741 1746 conspectu
756 1670 831 1728 Dei:

333 1752 375 1807 Et
388 1751 572 1808 delectentur
584 1751 617 1806 in
631 1750 743 1808 laetitia.

293 1833 364 1889 Non
378 1832 470 1901 nobis,
487 1832 623 1901 Domine,
639 1852 699 1888 non
712 1832 796 1888 nobis
809 1853 816 1889 :

333 1912 390 1970 Sed
403 1912 518 1968 nomini
531 1919 584 1969 tuo
599 1913 636 1969 da
649 1913 779 1989 gloriam

293 1995 463 2052 Saoerdotes
477 1993 523 2049 tui
536 1993 700 2050 induantur
709 1994 878 2070 justitiam:

334 2076 374 2131 Et
388 2075 483 2131 sancti
495 2075 543 2130 tui
556 2076 700 2132 exultent.
764 2147 767 2151 .

292 2157 364 2213 Non
377 2157 470 2212 intres
483 2155 516 2211 in
525 2157 672 2231 judicium
686 2176 753 2212 oum
768 2176 852 2214 servo
866 2163 928 2227 tuo,
944 2156 1090 2214 Domine:

333 2238 411 2306 Quia
424 2256 484 2293 non
493 2238 707 2312 justificabitur
720 2238 752 2293 in
767 2244 923 2313 conspectu
936 2244 989 2295 tuo
1003 2238 1099 2295 omnis
1113 2236 1222 2295 vivens.

293 2319 421 2375 Domine
435 2318 517 2374 Deus
531 2319 688 2388 virtutum,
703 2325 842 2376 converte
855 2338 927 2375 nos:

333 2399 374 2456 Et
388 2399 508 2456 ostende
522 2399 627 2457 faeiem
640 2406 732 2470 tuam,
748 2406 779 2457 et
792 2400 868 2457 solvi
881 2400 998 2458 erimus.

292 2480 420 2538 Domine
434 2481 549 2538 exaudi

333 2562 373 2618 Et
386 2562 502 2620 clamor.

292 2643 440 2699 Dominus
454 2644 611 2699 vobiscum.
656 2643 777 2700 Etcum
791 2642 899 2719 spiritu
911 2650 971 2701 tuo,

192 2738 324 2794 Oremus.
368 2736 449 2792 Deus
463 2736 516 2810 qui
528 2736 625 2792 tribus
638 2736 737 2811 pueris
755 2737 900 2813 mitigasti
919 2737 1053 2794 flammas
1072 2736 1196 2814 ignium,
1209 2733 1305 2795 concede

131 2818 276 2894 propitius
296 2823 332 2873 ut
350 2836 403 2892 per
423 2817 626 2873 interventum
647 2819 739 2874 beatae
754 2817 859 2874 Meriae
880 2837 994 2893 semper
1006 2819 1134 2895 virginis
1152 2825 1183 2877 et
1201 2817 1306 2876 omniun

129 2905 298 2955 sanctorum
312 2904 432 2954 tuorum
446 2905 476 2954 et
489 2898 596 2954 merite
609 2917 719 2969 eorum,
733 2919 787 2956 nos
801 2899 926 2957 famulos
939 2905 1007 2956 tuos
1022 2919 1083 2956 non
1096 2907 1203 2958 exurat
1215 2899 1306 2957 flamm

131 2981 281 3038 vitiorum.
325 2978 384 3035 Per
397 2977 587 3036 Dominum.'·”·‘

192 3069 351 3137 Ena-Iu
372 3071 504 3128 omnibus
516 3071 614 3129 Feriis
633 3082 659 3129 et
679 3073 713 3129 in
801 3068 880 3153 [MS.
897 3071 1154 3132 D.-N0tandum
1174 3095 1234 3132 vero
1251 3067 1308 3148 atti

131 3155 265 3212 amnibus
277 3152 371 3210 Fertis
392 3152 483 3208 trium
503 3153 672 3210 Lectionum
693 3175 712 3210 a
747 3175 803 3229 per
817 3163 909 3211 totum
922 3173 1037 3211 annum
1049 3155 1084 3211 in
1096 3155 1252 3232 ferialibus
1267 3150 1307 3210 dtr

118 3237 199 3310 sesto
227 3235 341 3293 Sanetus
371 3234 528 3291 Trinitatis
554 3255 643 3308 usque
671 3237 712 3292 ad
752 3236 806 3294 bus
811 3239 866 3310 fiet
873 3235 1035 3310 prostratio
1052 3237 1154 3294 sattim
1167 3246 1232 3313 post
1243 3234 1307 3292 Sunt

138 3317 274 3391 Vigiliam
287 3315 464 3373 Natiuitatis
477 3316 610 3387 Domini,
631 3325 657 3372 et
677 3316 713 3373 ab
754 3323 812 3386 tus,
835 3325 956 3393 tempore
975 3316 1116 3374 Pasoiali
1142 3327 1169 3375 et
1194 3317 1242 3376 uti
1263 3310 1307 3372 ule

132 3398 247 3456 Oetaeis
256 3396 433 3472 Epipltuniae
447 3417 536 3470 usque
550 3398 590 3453 ad
602 3396 711 3455 Cenum
751 3395 875 3454 bruatur
897 3396 1022 3455 Ordines
1042 3399 1173 3474 exeeptis,
1188 3405 1270 3475 preat
1283 3391 1305 3448 it

131 3479 264 3549 Domini,
279 3499 314 3535 ue
330 3478 418 3535 etiam
439 3487 560 3552 tempore
574 3477 712 3535 Pasclmii
754 3477 893 3536 Ordinaii
913 3479 1094 3536 continetur:
1118 3489 1145 3537 et
1159 3488 1225 3556 post
1241 3477 1307 3535 Pet!

128 3560 251 3635 exceptis
257 3559 371 3617 Oetaeis
375 3559 543 3634 precipuis,
550 3569 617 3634 post
623 3559 712 3616 Pater
752 3565 852 3616 noster
864 3580 885 3616 a
893 3558 1045 3618 Sacerdote
1057 3559 1214 3620 celebrante
1221 3558 1304 3618 dictu

131 3649 231 3698 noster
244 3641 384 3697 dicantur
397 3639 512 3696 Psalmi
525 3649 674 3714 sequentes.
752 3649 891 3714 sequatur
904 3637 1069 3722 Pratum]

119 3744 121 3749 ⁴
190 3721 337 3780 Pratum.
653 3729 656 3734 '

292 3803 375 3860 Deus
387 3808 534 3859 venerunt
546 3808 657 3877 gentse,
672 3811 698 3858 et
712 3811 809 3873 cetera,
825 3811 859 3859 ut
871 3802 907 3859 in
919 3794 1073 3874 Psalterio,

374 3903 439 3940 cum
452 3882 577 3956 sinyrdis
590 3883 723 3941 verutis.

293 3962 395 4021 Gloria
409 3963 500 4022 Patri.
544 3963 629 4020 Sient
642 3964 751 4020 eratin
764 3964 916 4041 principio.

294 4045 392 4118 Kyrie
406 4045 530 4119 eleyson.
575 4045 691 4101 Christe
705 4045 830 4120 eleyson.
873 4045 971 4120 Kyrie
984 4047 1110 4123 eleyson.

294 4124 385 4182 Pater
398 4132 504 4182 noster.
548 4125 590 4183 Et
603 4145 641 4182 ne
654 4143 715 4184 nos.
759 4125 817 4183 Sed
829 4127 929 4184 libera.

293 4206 444 4281 Exsurget
458 4207 549 4277 Deus,
564 4213 595 4263 et
608 4207 789 4282 dissipentur
801 4207 916 4265 inimici
928 4208 1002 4284 ejus:

335 4287 376 4343 Et
390 4287 513 4361 fugiant.
817 4305 820 4312 ·

179 4391 191 4415 ⁸
207 4390 248 4434 All
259 4390 299 4435 the
309 4389 391 4446 MSS.,
400 4394 488 4448 except
499 4389 529 4446 D,
539 4390 586 4434 end
596 4391 636 4435 the
648 4390 731 4436 Canon
743 4395 766 4436 ot
777 4391 826 4437 thie
836 4399 930 4451 prayer.
961 4391 1014 4440 MS.
1026 4393 1045 4441 0
1056 4394 1116 4440 edde
1131 4393 1171 4443 the
1185 4382 1301 4440 nimir*

133 4449 170 4495 lor
181 4453 195 4477 “
204 4450 248 4508 Ite,
258 4448 333 4494 misse
342 4449 400 4506 est,¹’
410 4449 459 4508 tm,
469 4462 496 4494 es
505 4463 544 4508 pp.
555 4450 661 4495 rot-211.
