2926 4996
375 357 596 429 Hebdomada
609 357 653 424 io.
671 332 952 445 Quadrupesimoo.
976 357 978 361 ’

121 524 256 584 Gradah.

119 606 240 665 Bonum
255 612 300 664 est
313 607 459 666 confidere
472 607 504 664 in
518 605 649 664 Domino
663 627 669 664 :
692 626 783 683 quam
796 607 941 665 confidere
954 607 987 664 in
999 607 1126 666 homine.

62 687 92 745 V.
121 687 241 745 Bonum
256 694 300 745 est
313 707 430 764 sperare
443 688 475 744 in
490 687 636 745 Domino:
658 707 748 764 quam
761 708 878 765 sperare
891 689 924 746 in
936 689 1126 766 principibus

121 769 254 826 Tractus.
298 769 435 841 Domine,
450 787 511 826 non
525 768 695 827 secundum.

119 847 288 908 Secundam
300 849 467 911 Jotmoem
486 848 542 927 (xi.
563 850 655 927 1-45)

120 930 160 988 In
181 931 233 988 illo
253 936 392 1007 tempore,
409 931 483 988 Erat
504 931 625 1006 quida-m
645 930 788 1007 languens
802 930 930 988 Lazarus
947 950 966 988 a
979 930 1135 1003 Bethania,
1151 931 1188 989 de
1208 952 1267 992 cas-

55 1010 131 1069 tello
152 1011 257 1069 Mariae
278 1018 308 1069 et
330 1011 458 1068 Marthae
478 1031 613 1069 sororum
633 1012 696 1089 ejus
716 1032 806 1086 usquc
826 1013 866 1068 od
887 1011 981 1069 Multi
1001 1031 1070 1088 ergo
1089 1032 1128 1069 ex
1140 1013 1264 1085 Judoeis,

56 1094 111 1168 qni
125 1098 269 1150 venerant
282 1093 320 1150 ad
334 1093 463 1151 Mariam
477 1098 507 1151 et
521 1092 682 1166 Martham,
697 1098 728 1151 et
742 1093 878 1150 viderant
899 1112 964 1169 quae
978 1093 1049 1151 fecit
1061 1092 1084 1152 J
1085 1113 1159 1166 esus,
1176 1095 1265 1151 credi-

56 1173 170 1232 derunt
182 1173 216 1229 in
230 1193 304 1230 eum.

122 1253 314 1327 offertorium.

120 1334 268 1410 Populum
293 1334 436 1393 humilem
460 1335 576 1393 salvum
598 1335 696 1406 facies,
719 1334 865 1392 Domine:
897 1340 927 1392 et
951 1334 1049 1393 oculos
1073 1337 1265 1413 superborum

55 1415 248 1473 humiliabis:
277 1416 418 1492 quoniam
431 1416 497 1492 quis
512 1415 602 1489 Deus,
618 1424 726 1492 praeter
739 1423 777 1487 te„
794 1415 943 1475 Dominel

119 1495 240 1554 Secreto.

119 1576 248 1635 Munera
258 1596 320 1649 nos,
330 1577 466 1649 Domine,
477 1597 653 1653 quaesumus,
665 1577 763 1637 oblata
772 1577 928 1655 purificent
940 1599 947 1636 :
968 1583 1001 1638 et,
1013 1584 1044 1636 te
1057 1577 1142 1636 nobis
1152 1577 1266 1655 jugiter

56 1657 170 1716 faciant
184 1678 245 1716 esse
258 1659 414 1734 placatum.
458 1658 517 1716 Per
529 1657 702 1716 Dominum.

120 1737 300 1797 Continuam.

118 1818 235 1876 Videns
249 1820 397 1877 Dominus
410 1821 514 1877 flentes
527 1839 638 1877 sorores
652 1819 756 1876 Lazari
770 1820 808 1876 ad
821 1825 1064 1878 monumentum:
1086 1820 1265 1895 lacrymatus

56 1905 103 1958 est
126 1919 225 1957 coram
247 1901 362 1958 Judseis
383 1906 414 1958 et
436 1901 599 1958 clamabat:
626 1900 742 1974 Lazare,
765 1903 835 1958 veni
856 1901 952 1973 foras;
981 1907 1011 1958 et
1032 1901 1143 1979 prodiit
1165 1902 1266 1978 ligatis

55 1980 195 2039 manibus
210 1989 240 2038 et
253 1982 384 2058 pedibus,
398 1981 452 2058 qui
465 1981 562 2039 fuerat
575 1982 791 2058 quatriduanus
804 1988 948 2040 mortuus

118 2078 362 2136 Postcoomamaio.

119 2158 196 2216 Haec
216 2179 277 2231 nos,
293 2179 468 2235 quaesumus,
489 2159 626 2231 Domine,
645 2159 833 2236 participatio
854 2159 1037 2230 sacramenti,
1053 2165 1083 2216 et
1101 2178 1120 2216 a
1137 2158 1264 2236 propriis

55 2240 188 2297 restibus
211 2240 413 2298 indesinenter
436 2241 582 2318 expediat,
605 2247 636 2298 et
657 2242 695 2297 ab
716 2241 852 2298 omnibus
875 2247 997 2298 tueatur
1016 2240 1153 2297 adversis.
1205 2239 1264 2297 Per

56 2321 230 2379 Dominum.

117 2401 214 2477 Super
227 2402 384 2477 Populum.

118 2482 176 2555 De,
192 2502 368 2559 quaesumus,
385 2483 570 2559 omnipotens
588 2483 679 2554 Deus,
694 2489 731 2541 ut
748 2484 800 2559 qui
818 2482 1001 2539 infirmitatis
1018 2488 1126 2539 nostroe
1145 2482 1261 2554 conscii,

55 2563 93 2622 de
110 2569 166 2621 tua
182 2566 295 2640 pietate
312 2564 495 2638 confidimus,
512 2565 567 2622 sub
584 2570 639 2621 tua
652 2584 767 2642 semper
780 2563 963 2641 protectione
976 2563 1162 2642 gaudeamus.
1206 2563 1268 2620 Per

24 2675 28 2682 ·
55 2645 230 2703 Dominum.

587 2793 739 2852 Sincera,

119 2902 143 2961 O
175 2902 261 2960 cium

117 2901 260 3041 Sitfiientes
271 2981 370 3038 venite
380 2981 418 3038 ad
431 3000 530 3057 aquas,
546 2979 619 3038 dicit
633 2979 793 3038 Dominus:
809 2978 903 3055 etqui
916 2997 976 3036 non
989 2977 1105 3036 habetis
1119 2978 1264 3054 pretium:

55 3064 164 3136 venite,
181 3070 212 3121 et
225 3063 319 3122 bibite
335 3081 402 3119 cum
416 3062 528 3120 laetitia.

116 3145 265 3203 Protinus.
674 3197 677 3203 ,

116 3226 286 3296 Attendite,
301 3224 409 3303 popule
429 3243 521 3297 meus,
543 3223 638 3301 legem
658 3242 772 3281 meam:
794 3221 937 3280 inclinate
957 3240 1060 3279 aurem
1079 3225 1209 3278 vestram
1229 3219 1263 3277 in

56 3308 149 3367 verba
163 3307 222 3365 oris
237 3307 302 3364 mei

120 3388 230 3448 Oratio.

117 3469 196 3541 Fiat,
213 3487 390 3545 quesumus,
405 3466 541 3539 Domine,
556 3466 747 3543 pergratiam
766 3470 851 3522 tuam
871 3465 1038 3522 fructuosus
1056 3468 1164 3519 nostrae
1179 3461 1264 3518 devo-

56 3550 148 3610 tionis
162 3551 286 3608 affectus
294 3569 303 3622 ;
324 3550 395 3626 quia
414 3555 486 3606 tunc
506 3548 592 3606 nobis
612 3549 775 3624 proderunt
795 3553 929 3623 suscepta
945 3544 1069 3622 jejunia,
1084 3544 1110 3601 si
1128 3549 1187 3600 tuoe
1201 3542 1263 3600 sint

56 3632 167 3709 placita
179 3632 294 3708 pietati.
338 3630 397 3688 Per
410 3630 582 3687 Dominum.

118 3729 216 3788 Lectio
230 3728 329 3786 Esoioe
342 3727 492 3803 Prophetes
505 3720 594 3803 (atti.
612 3727 708 3803 8-15).

118 3811 194 3868 Haec
208 3810 282 3868 dicit
296 3808 443 3866 Dominus
460 3808 560 3880 Deus,
581 3808 621 3865 In
641 3814 773 3886 tempore
792 3806 901 3884 placito
922 3804 1062 3862 exaudivi
1075 3808 1105 3861 te
1119 3822 1209 3877 usque
1223 3801 1265 3859 od

56 3911 111 3970 ego
123 3898 225 3950 tamen
238 3910 300 3948 non
314 3889 469 3948 obliviscar
483 3889 537 3961 tui,
554 3889 626 3947 dicit
641 3888 790 3959 Dominus
804 3887 998 3964 omnipotens,

118 4071 197 4144 Tibi,
212 4070 351 4141 Domine,
365 4069 522 4128 derelictus
536 4074 581 4126 est
593 4088 724 4146 pauper:
746 4067 859 4144 pupillo
873 4072 907 4124 tu
922 4064 979 4123 eris
993 4063 1119 4140 adjutor.

62 4153 93 4212 V.
119 4151 167 4212 Ut
186 4151 269 4228 quid,
291 4150 429 4223 Domine,
451 4151 596 4208 recessisti
616 4150 716 4226 longe:
738 4149 862 4225 despicis
882 4148 915 4204 in
929 4144 1210 4226 opportunitatibus,
1231 4144 1264 4201 in

55 4233 269 4305 tribulatione,
292 4231 363 4290 dum
377 4231 510 4309 superbit
523 4231 641 4308 impius,
656 4230 825 4288 incenditur
839 4247 958 4306 pauper.

116 4331 330 4406 anoqetium:
350 4328 517 4388 Secundum
529 4328 556 4384 J
554 4329 696 4386 ohannem
710 4327 727 4406 (
727 4328 788 4385 viti.
803 4327 918 4404 12-20).

117 4413 158 4470 In
171 4413 224 4470 illo
237 4419 379 4489 tempore,
394 4410 483 4468 Dixit
496 4410 518 4468 J
519 4429 586 4468 esus
599 4410 696 4467 turbis
709 4410 731 4467 J
733 4409 897 4467 udaeorum:
919 4407 982 4484 Ego
1003 4425 1068 4465 sum
1089 4403 1144 4464 lux
1159 4401 1263 4463 mundi

53 4513 147 4570 usqam
161 4494 203 4553 ad
216 4499 246 4553 et
260 4511 349 4552 nemo
362 4490 557 4570 apprehendit
572 4511 647 4563 eum,
664 4491 734 4566 quia
747 4489 885 4550 nondum.
894 4494 1016 4548 venerut
1028 4487 1101 4545 hora
1115 4487 1185 4563 ejus.
