2926 4996
468 394 494 458 I
490 415 516 458 a
530 393 569 458 N
565 393 718 459 atiuitatc
737 394 889 460 Domini.
1241 403 1282 464 19

154 560 307 722 ξαςοῖριο
318 560 461 638 Alleluya
471 582 491 619 a
505 561 649 637 praedicta
664 563 758 633 tarta,
773 562 896 638 incipiat
910 564 1074 622 Praeceator
1087 563 1280 640 Sequentiani.

136 733 300 810 Sequentia.

200 816 313 873 Christi
325 816 467 873 hodierna
481 815 660 874 celebremus
673 816 829 888 natalitia3

200 897 306 954 Caelica
319 904 457 955 resonent
471 897 547 954 clare
560 916 703 954 camaenas
717 898 844 973 agmina,

199 978 290 1035 Nunc
304 979 380 1054 regis
393 978 565 1036 celebrando
578 978 762 1053 gratulanter
776 978 901 1054 nuptias.

200 1059 268 1115 Lux
282 1078 360 1116 nova
369 1059 432 1135 jam
448 1066 540 1116 terras
553 1059 684 1115 illustrat
697 1067 811 1116 veteres
825 1059 936 1135 pellens
949 1061 1092 1118 tenebrae.

200 1140 324 1197 Reserat
338 1160 464 1215 superna
476 1141 572 1215 gratia
586 1139 637 1196 diu
652 1140 750 1197 clausa
764 1140 880 1216 palatia

200 1220 287 1278 Felix
301 1227 395 1277 mater
408 1226 438 1277 et
452 1221 513 1278 sola
526 1220 639 1277 intacta
652 1227 762 1277 aeterna
776 1239 926 1296 puerpera,

201 1299 294 1358 Cum*
307 1306 379 1357 nato
393 1307 453 1358 stas
471 1301 601 1377 gravida,
617 1321 684 1358 cum
698 1301 756 1357 viri
770 1302 809 1358 sis
823 1301 928 1358 cubilis
941 1302 1047 1360 nescia.

200 1381 304 1440 Omnis
318 1389 436 1439 caterva
449 1388 550 1439 nostra
563 1388 594 1439 te
607 1388 701 1458 rogat,
717 1382 858 1454 Domina,

200 1462 302 1520 Solvas
316 1482 374 1538 quo
388 1469 490 1520 nostra
503 1468 610 1520 cuncta
629 1463 832 1539 peccaminum
845 1463 973 1535 vincula,
988 1463 1085 1540 Virgo
1105 1465 1282 1539 sempiterna

280 1543 373 1601 beata.

200 1624 301 1700 Digna
313 1624 399 1681 fuisti
412 1624 473 1681 sola
487 1625 641 1682 tollentem
655 1624 778 1681 crimina

200 1705 286 1762 Intra
300 1706 379 1762 uteri
392 1705 520 1762 claustra
534 1711 659 1781 portare,
675 1706 727 1781 qui
739 1706 885 1781 gubernat
899 1706 1007 1778 omnia,
1021 1725 1134 1782 supera,
1149 1705 1250 1763 infera.

200 1786 293 1843 Hunc
307 1806 360 1843 sna
373 1787 496 1843 laudant
507 1787 584 1842 iacta
594 1786 764 1861 gaudenter,
776 1788 853 1844 bona
863 1807 921 1863 qua
930 1788 1039 1843 vivunt
1049 1807 1137 1863 super
1147 1787 1280 1844 essentia.

200 1866 265 1923 Nos
274 1867 444 1923 'humillima
457 1868 545 1924 turba
559 1868 660 1924 demus
674 1867 781 1938 debita,
796 1873 947 1943 poscentes
960 1868 1024 1943 ejus
1038 1867 1233 1939 elementiam,

200 1947 248 2006 Ut
265 1954 365 2005 nostra
383 1953 526 2023 praestans
546 1954 680 2023 tempora
696 1967 775 2004 nuno
792 1949 900 2025 quieta,
920 1948 971 2005 det
990 1948 1105 2025 placida
1128 1948 1188 2004 frui
1210 1950 1281 2019 vita,

281 2029 369 2085 utilia
383 2029 518 2086 donando
532 2029 650 2085 famulis
663 2048 788 2085 munera
796 2051 804 2100 ;

201 2109 248 2166 Ac
272 2110 351 2166 inter
372 2129 426 2167 nos
453 2110 622 2166 discrimina
649 2129 727 2166 saeva
753 2109 877 2179 solvenS,
906 2115 973 2184 post
1000 2109 1104 2167 funera
1131 2109 1280 2182 derelicta,

281 2190 379 2248 sedem
393 2192 482 2247 diicat
496 2191 600 2247 mortis
614 2209 648 2247 ac
662 2190 807 2247 malorum
822 2191 973 2266 ignaram,

203 2271 262 2339 Qui
279 2271 316 2328 ad
334 2272 488 2329 dexteram
505 2271 604 2328 Patris
621 2271 730 2328 almam
746 2271 856 2342 sedena,
872 2276 1032 2346 conregnat
1050 2276 1211 2328 ceretanus
1232 2291 1284 2346 per

281 2352 387 2424 omnia,

201 2432 344 2490 Potenter
357 2439 463 2490 cuneta
477 2433 657 2509 disponendo
672 2452 738 2489 oum
753 2452 787 2489 eo
801 2431 885 2489 saecla
899 2432 1056 2507 praesentia
1068 2438 1098 2489 et
1111 2432 1221 2505 futura,

201 2513 294 2570 Beata
303 2515 393 2590 justis
408 2514 520 2571 donans
535 2515 672 2571 omnibus
685 2514 815 2589 praemia,

201 2593 346 2651 Praeclara
369 2615 428 2671 qua
448 2594 502 2652 lux
524 2603 613 2665 vere†
634 2595 732 2666 micat,
746 2614 811 2670 quae
833 2599 878 2651 est
897 2593 975 2652 salus
995 2599 1106 2652 aeterna
1129 2600 1159 2651 et
1183 2600 1284 2651 nostra

281 2675 381 2752 gloria.

138 2777 347 2858 [decapolitana
360 2781 394 2838 ia
402 2781 520 2856 palpato
534 2780 761 2856 leporina-MS.
779 2777 831 2859 Π]

137 2860 269 2918 Initium
282 2862 377 2919 sancti
389 2861 544 2936 Evangelii
563 2862 721 2919 secandam
735 2860 761 2916 J
759 2860 901 2918 olianaena
914 2860 935 2933 (
935 2861 954 2918 i.
973 2861 1069 2938 1-14).

139 2942 179 2998 In
192 2942 338 3018 principio
352 2949 415 3000 erat
430 2932 565 3000 Verbum
578 2963 668 3016 usqae
682 2943 722 2998 ad
736 2942 857 3017 plenum
870 2941 972 3018 gratiae
990 2947 1021 2998 et
1034 2942 1178 2999 veritatis.

139 3023 235 3080 Credo
256 3024 374 3080 dicatur
390 3044 445 3099 per
469 3023 598 3095 Oetaeae,
618 3023 675 3080 sive
697 3023 814 3080 dicatur
832 3023 866 3079 de
886 3022 1050 3080 Natiuitatis
1067 3023 1124 3080 eine
1145 3024 1180 3080 de
1200 3023 1283 3080 Festo

73 3104 178 3178 aiiqsao
192 3104 361 3161 Lectionum
374 3124 480 3162 novena.

141 3183 334 3257 Offlrtoriam.

139 3264 197 3322 Tui
211 3272 282 3322 sunt
295 3266 359 3322 caeli
373 3272 403 3322 et
415 3271 469 3323 tua
482 3271 527 3323 est
540 3271 637 3322 terra:
659 3265 759 3322 orbern
773 3269 921 3321 terrarum
938 3270 970 3321 et
986 3265 1202 3341 plenitudinem
1221 3265 1283 3341 ejus

75 3352 113 3402 tu
126 3346 260 3404 fundasti
271 3365 280 3419 3
299 3347 419 3422 justitia
432 3359 463 3404 et
472 3346 618 3423 judicium
632 3345 807 3422 praeparatio
820 3345 896 3402 sedis
909 3351 976 3403 tuae.

139 3426 259 3484 Secreta.

140 3507 258 3581 Oblata,
286 3507 422 3580 Domine,
448 3527 571 3565 munera
595 3527 673 3564 nova
694 3507 853 3583 Unigeniti
875 3506 922 3564 tui
943 3507 1101 3563 nativitate
1123 3505 1281 3580 sanctifica,

75 3608 190 3665 nosque
201 3610 219 3646 a
230 3595 414 3664 peccatorum
425 3595 594 3646 nostrorum
603 3589 725 3645 maculis
735 3588 872 3645 emunda.
905 3587 964 3644 Per
974 3587 1099 3645 eundem
1109 3586 1286 3648 Dominum,

139 3670 290 3744 Praefatio.
335 3670 412 3740 Quia
425 3690 478 3746 per
492 3670 651 3727 Inoarnati.
696 3668 961 3726 communicantes

140 3749 321 3810 Concmunio.

140 3831 294 3889 Viderunt
308 3851 409 3889 omnes
422 3832 494 3889 fines
508 3835 594 3888 terrae
609 3830 737 3889 salutare
752 3830 811 3887 Dei
823 3829 926 3886 nostri.

139 3913 382 3970 Posteommaaio.

140 3993 263 4066 Praesta,
278 4013 454 4070 quaesumus,
469 3993 655 4069 omnipotens
670 3993 759 4064 Deus,
771 3998 807 4049 ut
820 3996 908 4048 natus
922 3988 1009 4047 hodie
1023 3990 1160 4049 Salvator
1170 3991 1284 4062 mundi,

75 4075 157 4131 aient
169 4075 278 4132 divinae
293 4076 378 4131 nobis
398 4075 595 4151 generationis
616 4079 660 4131 est
678 4079 788 4145 auctor,
804 4073 847 4129 ita
865 4077 895 4128 et
912 4071 1145 4129 immortalitatis
1164 4073 1204 4129 sit
1223 4073 1285 4148 ipse

78 4156 211 4232 largitor.
255 4156 316 4225 Qui
331 4162 437 4213 tecum.

141 4236 263 4311 ssfftairo
284 4235 380 4294 Micca
399 4237 538 4294 dicantar
558 4235 728 4310 Antiphone
748 4243 774 4291 et
801 4232 901 4291 Oratio
929 4233 963 4290 de
994 4243 1095 4291 sancta
1115 4234 1219 4292 Maria
1247 4234 1287 4290 cd

72 4317 230 4393 panicum,
262 4327 289 4376 ct
317 4327 418 4393 postea
452 4317 646 4392 Evangeliam
677 4315 835 4372 remandant
866 4313 980 4371 Laeana
1012 4314 1122 4373 Missus
1155 4321 1199 4373 est
1230 4315 1288 4373 loco

79 4398 237 4473 Evangelii
251 4399 291 4456 In
304 4399 458 4475 principio,
473 4400 550 4473 qaod
565 4398 676 4455 dictant
689 4404 729 4454 eet
742 4397 784 4452 od
797 4394 929 4455 Miasena.

219 4548 231 4571 “
248 4547 333 4594 Sarum
343 4547 392 4593 and
401 4547 518 4594 Horeiord
528 4546 744 4667 Eddfdssffssns
767 4604 786 4652 C
801 4545 815 4606 †
831 4545 901 4606 Vere,
911 4545 999 4602 Mea.;
1017 4560 1081 4604 roro,
1093 4546 1151 4592 Ean.
