2926 4996
434 393 618 459 Dominica
632 393 675 459 in
688 393 812 460 Roneis
825 393 1041 460 Palnararn.
1293 398 1337 460 -89

132 560 168 617 R.
197 555 462 618 Circumdederunt
475 576 530 618 me.

137 641 168 699 V.
196 641 345 710 Quoniam
358 642 521 700 tribulatio

193 722 345 798 Reincepto
359 723 394 780 ab
409 722 513 780 eisdem
532 723 730 798 Responsono,
746 724 833 780 intret
842 724 983 798 processio
997 723 1032 781 in
1046 722 1185 795 Chorene,
1200 733 1225 781 et
1239 743 1337 799 sequa-

132 813 183 860 tur
203 804 364 861 Versiculos
377 804 568 861 sacerdotalis.

193 884 373 942 Benedictus
387 885 439 960 qui
452 885 535 942 venit
548 885 581 941 in
594 885 713 942 nomine
727 885 856 942 Domini.

131 965 168 1022 B.
197 965 342 1022 Hosanna
355 965 388 1021 in
402 965 531 1023 excelsis.

195 1046 304 1103 Oratio.

194 1127 389 1202 Omnipotens
402 1127 579 1204 sempiterne
594 1127 684 1199 Deus,
701 1127 753 1203 qui
766 1127 896 1184 humano
909 1127 1017 1204 generi.

194 1254 335 1336 [Quando
348 1278 412 1315 vero
427 1267 547 1333 propter
560 1258 755 1333 intemperiem
768 1260 845 1316 aeris
858 1259 1002 1334 processio
1015 1261 1069 1333 fiet
1086 1257 1169 1332 infra
1183 1258 1333 1328 ecclesiane,

132 1339 173 1395 sie
192 1339 354 1410 ordinetur,
373 1349 406 1395 at
424 1338 603 1413 Antiphone,
626 1340 741 1416 Dignus
762 1359 800 1412 es,
817 1340 953 1413 Domine,
970 1348 1101 1397 cantetur
1119 1360 1216 1396 eoram
1233 1338 1335 1396 Altare

131 1421 219 1476 beata
233 1417 348 1489 Maria,
364 1428 390 1476 et
404 1440 494 1477 senno
508 1421 625 1477 dicatur
638 1420 672 1476 in
688 1419 832 1495 Capitale
866 1419 941 1477 Aliae
954 1420 1129 1495 Antipleonee
1142 1423 1223 1494 fiant
1237 1440 1333 1477 secan-

131 1501 206 1556 dune
220 1500 436 1574 dispositionem
450 1499 592 1559 Conteris.
629 1501 734 1558 Postea
746 1521 810 1558 vero
823 1504 905 1575 fiant
919 1522 1017 1577 preces
1030 1502 1125 1558 solita.
1163 1499 1257 1557 Nullo
1271 1521 1334 1558 cero

130 1590 265 1654 sequetur
278 1581 396 1652 occatio,
410 1581 454 1638 oei
472 1582 735 1653 excommunicatio,
751 1583 784 1639 ob
797 1583 984 1639 reverentiam
998 1582 1160 1639 Dominicis
1173 1581 1332 1653 Passionis,

130 1662 192 1718 nisi
212 1682 318 1736 arpens
337 1663 486 1719 necessitas
500 1662 698 1737 postulaverit.
742 1662 811 1720 Post
826 1663 993 1737 prandiam
1013 1683 1078 1720 vero
1099 1663 1206 1720 iterant
1225 1683 1334 1736 neepna

132 1741 217 1801 Orien
230 1742 528 1818 cooperietur—MS.
545 1740 596 1822 D.]

190 2012 241 2068 Ad
255 2013 387 2069 Missaon.
432 2012 571 2088 Officium.

190 2093 329 2165 Domine,
344 2113 381 2150 ne
394 2094 480 2170 longe
494 2095 582 2151 facias
596 2093 742 2150 auxilium
755 2099 841 2151 tuum
856 2114 873 2150 a
886 2113 951 2165 me,
972 2093 1009 2152 ad
1023 2093 1222 2150 defensionem
1236 2112 1331 2149 meam

129 2173 245 2249 aspice:
267 2175 360 2231 libera
377 2194 424 2232 me
443 2178 479 2232 de
499 2194 548 2232 ore
565 2175 666 2247 leonis,
689 2181 719 2232 et
737 2175 905 2232 acornibus
922 2175 1111 2231 unicornium
1131 2174 1332 2230 humilitatem

131 2273 236 2311 meam.

191 2335 339 2393 Psalmns.

190 2416 611 2493 ])111,Ι)11111111,1111116
625 2417 657 2473 in
671 2437 735 2474 me:
754 2436 845 2492 quare
858 2436 905 2473 me
920 2416 1110 2492 dereliquisti.

192 2497 301 2554 Oratio

189 2571 387 2652 Omnipotens
413 2579 590 2654 sempiterne
615 2579 704 2651 Deus,
730 2578 782 2654 qui
804 2578 934 2634 humano
959 2578 1059 2654 generi
1066 2574 1124 2633 111
1151 2577 1330 2634 imitandum

130 2658 309 2716 humilitatis
332 2660 509 2735 exemplum,
525 2625 708 2717 Salvatoreni
730 2666 865 2716 nostrum
887 2679 1003 2716 carnem
1026 2678 1140 2715 sumere
1164 2664 1194 2714 61
1216 2677 1331 2715 crucem

128 2739 228 2796 subire
243 2740 340 2796 1111111
351 2762 357 2797 :
378 2741 502 2798 concede
512 2741 666 2816 propitius,
675 2746 710 2796 11
724 2746 754 2797 61
764 2741 938 2816 patientiae
929 2741 1022 2816 1psius
1035 2740 1142 2796 habere
1153 2739 1330 2796 documenta

129 2829 159 2877 et
173 2821 397 2878 resurrectionis
411 2821 557 2878 consortia
571 2840 742 2880 mereamur.
787 2821 846 2878 Per
860 2821 992 2878 eundem.

190 2898 289 2959 lectio
303 2902 426 2976 epistolae
440 2903 514 2960 beati
527 2901 620 2958 Pauli
633 2901 769 2977 Apostoli.

190 2981 241 3039 Ad
254 2982 455 3058 Philippenses
468 2983 517 3059 (ii.
535 2981 633 3059 5-11).

190 3063 329 3120 Fratres:
354 3064 422 3120 Hoc
441 3065 520 3121 enim
538 3064 646 3120 sentite
666 3064 698 3119 in
716 3063 807 3135 vobis,
828 3063 907 3139 quod
925 3069 956 3120 et
973 3063 1006 3119 in
1021 3062 1139 3119 Christo
1153 3062 1175 3120 J
1177 3083 1227 3120 esu
1241 3083 1330 3136 usqne

129 3144 170 3200 ad
184 3145 255 3219 quia
268 3145 416 3201 Dominus
429 3151 528 3202 101111
541 3144 563 3202 J
565 3164 630 3202 esus
644 3144 779 3201 Christus
793 3145 824 3200 in
838 3144 932 3220 gloria
945 3149 990 3200 est
1002 3144 1062 3201 Dei
1076 3143 1181 3200 Patris.

193 3224 328 3282 Graeco.

190 3306 328 3363 Tenuisti
341 3326 460 3362 manum
476 3305 630 3364 dexteram
643 3325 756 3363 meam:
778 3311 809 3362 61
822 3305 855 3361 11
868 3305 1023 3362 voluntate
1039 3311 1092 3361 111
1105 3303 1257 3361 deduxisti
1269 3323 1316 3360 me
1322 3325 1330 3374 ;

130 3393 240 3443 etcum
255 3386 349 3463 gloria
363 3387 546 3462 assumpsisti
561 3406 614 3444 me.

136 3468 164 3524 V.
192 3468 290 3537 Quam
310 3467 406 3525 bonus
428 3468 520 3525 Israel
538 3468 620 3524 Deus
642 3467 730 3525 rectis
747 3468 849 3524 corde:
874 3467 933 3524 mei
954 3471 1054 3524 autem
1071 3485 1146 3542 pene
1165 3465 1239 3521 moti
1257 3471 1328 3521 sunt

128 3548 224 3623 pedes,
240 3568 314 3624 pene
329 3549 414 3606 effusi
426 3555 496 3605 sunt
515 3568 630 3625 gressus
643 3548 720 3606 mei:
749 3549 819 3623 quia
836 3548 929 3605 zelavi
946 3548 978 3603 in
994 3547 1203 3623 peccatoribus,
1227 3565 1328 3621 pacem

130 3635 318 3704 peccatorum
331 3630 442 3686 videns.
1022 3627 1024 3630 ’

194 3710 326 3769 Proetus.

191 3791 283 3862 Deus,
298 3792 381 3848 Deus
394 3811 483 3863 meus,
499 3791 608 3867 respice
622 3791 655 3847 in
667 3809 731 3847 me:
753 3788 844 3865 quare
858 3809 905 3846 me
919 3788 1103 3864 dereliquisti
1115 3790 1126 3846 l

137 3870 166 3928 V.
194 3872 296 3948 Longe
310 3892 328 3929 a
341 3873 436 3930 salute
450 3892 531 3929 mea:
552 3871 642 3928 verba
656 3871 831 3928 delictorum
845 3890 983 3927 meorum.

137 3952 166 4009 V.
191 3953 276 4010 Deus
299 3973 390 4024 meus,
409 3953 539 4010 clamabo
563 3972 615 4029 per
637 3952 724 4025 diem,
743 3968 796 4009 nec
819 3951 975 4008 exaudies:
997 3956 1027 4007 et
1048 3955 1142 4022 nocte,
1158 3955 1188 4007 et
1209 3968 1270 4006 non
1292 3949 1330 4006 ad

131 4033 332 4109 insipientiam
347 4033 428 4094 mihi.

136 4114 165 4172 V.
191 4114 238 4172 Tu
255 4116 409 4173 autem1n
431 4121 531 4171 sancto
552 4113 677 4185 habitas,
696 4114 760 4170 laus
782 4112 893 4170 Israel:
915 4113 948 4168 in
969 4122 1000 4168 te
1022 4117 1214 4187 speraverunt
1231 4117 1329 4188 patres

129 4196 234 4267 nostri,
250 4202 444 4273 speraverunt
458 4203 488 4253 61
503 4195 635 4252 liberasti
649 4214 705 4252 eos.

137 4276 168 4334 V.
194 4277 246 4334 Ad
268 4283 298 4334 te
321 4277 531 4347 clamaverunt,
547 4281 578 4333 et
599 4275 675 4333 salvi
695 4275 767 4332 facti
788 4280 875 4331 sunt:
905 4274 937 4330 in
950 4279 980 4330 te
995 4239 1196 4350 speraverunt,
1216 4279 1247 4330 et
1268 4290 1328 4329 non

129 4357 337 4416 111110111111.

136 4438 165 4496 V.
192 4439 256 4516 Ego
280 4444 381 4496 111111
404 4435 470 4495 sum
490 4437 606 4509 1111111,
629 4443 659 4494 11
685 4456 746 4494 101
769 4435 874 4492 homo:
905 4435 1095 4512 opprobrium
1118 4434 1328 4504 hominum,et

128 4519 256 4595 abjectio
269 4519 373 4596 plebis.
1299 4514 1300 4517 ’
