2926 4996
601 371 721 437 Conon
735 369 857 435 Μίδεω.
1271 375 1332 435 201

252 501 332 596 m
354 536 390 595 B.
488 537 489 540 ’
607 536 673 597 MS.
697 536 730 596 O.
948 535 1014 594 MS.
1037 536 1208 603 Bnnrmnr,

131 649 160 701 te
172 650 293 701 nonest
306 643 392 715 alius,
405 641 502 723 [cujus
511 662 636 720 regnum
646 648 677 700 εὴ
686 643 776 720 impe
816 643 920 701 multis
935 643 968 700 in
986 643 1187 701 remissionem
1207 648 1336 718 pcccato-

131 741 208 798 rium
228 741 388 817 gloriosum
405 741 469 799 sino
488 741 547 799 fine
560 748 731 818 permaneat
744 742 778 799 in
817 762 896 800 nrm:
908 724 1334 818 deprecorclementiamtuam‚

130 838 424 897 saeculssaeculorum.
450 835 708 919 Amen—Broc.]‚
718 839 778 896 nisi
816 839 981 896 misericors
995 838 1133 910 Domine,
1153 857 1207 913 per
1229 838 1336 894 horum

130 943 163 992 tu
177 935 265 994 solus.
296 936 357 1005 Qui
370 935 449 994 vivis
462 943 493 994 εὴ
506 956 611 1013 regnas
621 935 712 1007 Deus,
724 956 777 1012 per
816 937 962 993 virentem
981 936 1028 992 fao
1048 955 1095 992 me
1115 955 1210 991 unum
1231 935 1268 992 dc
1288 935 1336 991 his

129 1034 231 1091 omnio
244 1034 351 1092 saecula
364 1034 545 1092 soeculorum.
587 1034 695 1091 Amen.
815 1033 926 1103 multis,
936 1039 966 1090 εὴ
976 1032 1021 1090 foc
1032 1051 1079 1089 me
1092 1032 1147 1089 hoc
1161 1031 1270 1088 sentire
1283 1051 1336 1107 per

190 1131 324 1190 Ommus.
361 1131 515 1208 Perceptio
529 1131 657 1208 corporis
670 1139 701 1189 εὴ
715 1153 779 1189 son·
819 1133 908 1190 fidem
921 1132 1107 1201 etnffectnm,
1120 1136 1154 1187 ut
1165 1131 1291 1188 sentiam
1302 1150 1334 1186 en

129 1228 229 1305 guinis
243 1230 298 1301 tui,
315 1229 443 1287 Domine
456 1229 478 1288 J
479 1249 531 1286 esu
545 1229 671 1302 Christe,
686 1249 776 1305 quam
815 1250 869 1305 per
882 1230 986 1286 salutis
999 1229 1149 1300 offectum3
1170 1235 1200 1285 εὴ
1216 1229 1336 1285 absolve

128 1345 183 1402 ego
197 1326 337 1401 indignus
351 1348 465 1386 sumere
475 1348 619 1405 prosumo,
629 1348 690 1385 non
700 1329 776 1385 mihi
816 1334 853 1409 εὴ
860 1328 954 1391 libera
974 1346 1074 1385 servos
1089 1332 1156 1384 tuos
1170 1333 1200 1384 εὴ
1213 1327 1347 1383 ancillas-

129 1423 232 1481 vcniat
252 1425 290 1480 ad
306 1426 454 1501 judicium
473 1447 527 1484 noc
547 1427 585 1484 ad
605 1427 777 1484 condemna·
816 1432 893 1496 tues,
905 1446 952 1483 me
966 1432 996 1482 εὴ
1009 1445 1110 1483 omnes
1120 1424 1172 1500 qui
1182 1423 1258 1480 mihi
1270 1443 1335 1480 con-

130 1521 251 1591 tionem,
267 1522 317 1579 sed
331 1543 384 1599 pro
398 1531 451 1581 tua
464 1524 574 1600 pictate
592 1523 685 1600 prosis
703 1523 778 1580 mihi
818 1523 887 1580 fessi
914 1529 985 1580 sunt
1007 1528 1126 1599 peccata
1151 1542 1205 1579 sua
1228 1527 1258 1579 εὴ
1281 1542 1335 1598 pro

129 1618 380 1677 adtutsmentum
394 1621 499 1678 enimse
514 1627 544 1678 εὴ
557 1621 693 1697 corporis.
717 1621 777 1690 Qui
817 1620 925 1696 quibus
958 1618 1081 1696 promisi
1111 1620 1159 1676 vel
1190 1618 1336 1676 obnoxius

130 1737 198 1774 cum
213 1716 278 1774 Deo
292 1717 382 1776 Paire
397 1724 429 1776 εὴ
442 1718 557 1796 Spiritu
576 1719 683 1776 Sancto
697 1718 776 1775 vivis
817 1738 883 1775 sum
897 1737 988 1787 orare,
1000 1718 1048 1774 vol
1059 1716 1336 1792 quisesperantvel

129 1821 160 1872 εὴ
173 1834 279 1890 regnas
287 1815 379 1888 Deus,
391 1836 444 1893 per
456 1817 556 1874 omnin
569 1817 675 1874 saecula
688 1835 774 1873 saecu·
815 1821 923 1892 petunt
936 1816 1009 1872 mois
1022 1814 1206 1872 orationibus
1216 1814 1295 1890 apud
1305 1821 1336 1870 ic

129 1914 234 1970 lorum.
277 1912 385 1972 Amen.
817 1913 964 1990 adjuvari,
988 1914 1027 1970 ab
1050 1913 1133 1969 omni
1158 1917 1278 1988 peccato
1305 1918 1336 1968 εὴ

816 2029 903 2086 poena
926 2010 1046 2086 peccati,
1068 2015 1098 2066 εὴ
1118 2009 1164 2066 fac
1184 2009 1335 2066 ecclesiam

816 2115 900 2164 tuam
928 2108 1069 2165 continua
1095 2107 1277 2183 protectione
1304 2112 1335 2163 εὴ

817 2206 1015 2262 consolatione
1036 2204 1139 2261 laetsri.
1187 2204 1334 2273 Quicum

818 2304 882 2362 Deo
907 2303 998 2361 Patre
1024 2309 1055 2361 εὴ
1083 2303 1197 2378 Spiritu
1226 2303 1334 2360 Sancto

818 2404 896 2461 vivis
911 2410 941 2461 εὴ
954 2421 1059 2478 regnos
1069 2403 1162 2474 Deus,
1173 2421 1225 2476 por
1235 2402 1334 2458 omnia

817 2501 923 2557 saeoula
937 2500 1117 2558 saeculorum

191 2597 320 2655 Domine
340 2599 415 2656 Jesu
436 2597 557 2671 Christi,
579 2598 639 2655 Fili
660 2598 718 2656 Dei
739 2598 811 2668 vivi,
835 2599 887 2674 qui
914 2617 952 2654 cx
979 2597 1134 2654 voluntate
1162 2597 1270 2668 Patris,
1292 2617 1335 2654 co·

132 2701 272 2772 operante
286 2695 400 2771 Spiritu
418 2695 535 2768 Sancto,
556 2716 609 2772 per
628 2703 754 2753 mortem
774 2702 866 2771 tuam·
878 2695 1023 2752 mundum
1043 2695 1203 2752 vivificasti
1212 2715 1221 2768 3
1242 2695 1335 2751 libem

132 2811 186 2862 me,
201 2811 255 2868 per
267 2793 322 2848 hoc
342 2812 457 2849 sacrum
474 2812 577 2869 corpus
591 2799 622 2849 εὴ
635 2794 809 2868 sanguinem
822 2800 909 2850 tuum
923 2794 960 2850 ab
973 2793 1111 2850 omnibus
1124 2792 1335 2869 iniquitatibus

132 2897 160 2946 et
180 2890 329 2946 universis
349 2891 435 2947 malis
453 2891 526 2948 meis
536 2911 545 2963 ;
567 2897 597 2948 εὴ
617 2890 664 2947 fac
683 2911 732 2949 me
751 2892 812 2948 tuis
832 2889 1064 2971 [semper-MS.
1082 2887 1120 2970 C]
1135 2890 1253 2948 obedire
1265 2910 1336 2966 prae·

130 2988 234 3064 ceptis,
249 2994 280 3045 εὴ
293 3009 312 3044 a
324 2994 355 3045 te
368 3009 522 3064 nunquam
534 2989 567 3045 in
581 2995 757 3065 perpetuum
770 2990 900 3066 separari
913 2990 1074 3066 permittas.
1117 2989 1257 3059 Quicum
1271 2988 1336 3045 Deo

131 3086 222 3143 Patre
244 3092 274 3143 εὴ
295 3087 395 3144 codem
410 3087 523 3163 Spiritu
538 3087 646 3145 Sancto
666 3086 746 3144 vivis
766 3094 797 3144 et
817 3107 922 3164 regnas
936 3088 1018 3144 Deus
1038 3107 1091 3163 por
1110 3087 1210 3144 omnia
1230 3087 1336 3143 saecula

128 3186 313 3242 soeculorum.
357 3185 464 3243 Amen.

125 3379 180 3436 Ad
195 3377 318 3455 Corpus.
576 3380 628 3438 Ad
665 3401 778 3457 percep·
818 3380 958 3439 Sacerdos
977 3380 1056 3439 dicct
1076 3379 1128 3437 Icoc
1145 3388 1212 3435 croto
1221 3396 1336 3453 percep-

579 3462 684 3520 cioncm
709 3462 778 3521 Cor·
820 3463 925 3520 tionem
940 3461 1096 3536 Corporis:

571 3543 779 3618 Wifflhmti·
818 3559 888 3615 Ave
915 3559 948 3613 in
968 3564 1120 3626 internum,
1143 3555 1335 3613 Sanctissimis

819 3678 893 3729 caro,
910 3658 985 3713 mihi
1005 3663 1075 3713 ante
1090 3656 1190 3713 omnin
1204 3661 1235 3714 ci
1248 3675 1336 3731 super

818 3755 919 3812 omnio
932 3774 1048 3811 summo
1061 3753 1192 3810 dulcedo.

171 3849 287 3926 Corpus
301 3849 426 3907 Domini
439 3853 533 3909 nostri
546 3852 569 3911 J
570 3872 622 3910 esu
637 3852 750 3910 Christi
763 3852 803 3909 sic
816 3852 892 3908 mihi
905 3852 1068 3910 remedium
1082 3852 1294 3926 sempiternum

224 3946 384 4028 [custodiat
398 3950 526 4008 animam
540 3949 774 4031 meam-Broc]
788 3952 821 4007 in
835 3952 929 4008 vitam
944 3958 1092 4008 aeteniam.
1135 3950 1243 4007 Amen.

131 4047 180 4104 Ac
194 4045 383 4123 Sccnquirwm.
576 4047 598 4106 I
597 4059 651 4107 tem
662 4050 703 4106 ad
714 4069 780 4125 9us-
821 4048 960 4107 Saccrdos
980 4048 1058 4105 dieat
1078 4047 1129 4105 Icoc
1147 4055 1214 4104 onte
1222 4066 1337 4122 percep·

577 4131 714 4190 tationem
724 4130 780 4191 Oa·
821 4131 927 4188 tionem
940 4129 1112 4204 Scrrquim's,
1127 4128 1244 4186 dicens:
1342 4201 1344 4206 1

574 4211 644 4270 lim·
816 4229 886 4285 'Avo
899 4228 931 4283 in
943 4233 1094 4297 oeternum,
1106 4225 1230 4283 coelestis
1240 4231 1335 4301 potus,

821 4325 896 4381 mihi
905 4331 975 4381 onte
989 4323 1088 4380 omnia
1098 4328 1129 4380 εὴ
1139 4341 1227 4398 super
1237 4322 1336 4379 omnio

821 4442 936 4479 summa
949 4420 1082 4480 dulcedo
