2926 4996
501 357 550 423 Ia
571 333 789 448 Dedicutt’cuc
810 332 969 427 Ecclcsioe

457 524 514 582 sed
528 531 588 583 tres
602 532 701 601 partes
714 534 785 584 sunt
798 529 831 584 in
844 528 956 605 templo

456 605 615 664 Trinitatis
628 609 683 664 sub
697 609 840 684 exemplo,

297 696 321 750 :'
400 743 403 747 ,
498 687 574 758 Ima,
589 707 713 760 summa,
728 691 831 747 media.
882 727 885 732 -
975 696 977 703 ⁴

459 766 526 824 Ima
540 769 637 844 signat
650 770 735 827 vivos
749 777 882 844 cunctos,

459 847 500 904 Et
513 850 641 907 secunda
649 851 714 927 jam
728 852 891 926 defunctos,
920 917 924 926 1
1005 917 1008 925 ,
1036 922 1039 932 .

388 975 391 982 .
423 955 429 989 ς
497 929 660 989 Redivivos
673 933 770 991 tertia

457 1010 624 1086 Sexagenos
638 1032 761 1089 quaeque
775 1033 828 1089 per
840 1034 871 1072 se

457 1091 499 1148 Et
512 1104 558 1149 ter
572 1099 691 1150 tantum
705 1095 843 1154 universe

315 1182 323 1229 ’,
375 1179 383 1191 “·
496 1173 619 1230 Habent
632 1175 688 1232 alti
701 1177 823 1233 cubitos.

457 1253 594 1310 Horuml
607 1257 700 1312 trium
713 1262 775 1313 tres
789 1264 952 1315 conventus

457 1334 601 1392 Trinitati
615 1337 688 1394 dant
701 1344 860 1395 concentus

498 1415 622 1473 Unitati
635 1418 757 1476 deditos.

457 1576 573 1653 Templi
585 1579 684 1637 cultus
697 1587 796 1638 exstat
810 1582 932 1654 multus

457 1658 669 1718 Oinnamomus
684 1663 756 1719 odor
769 1663 882 1736 domus,

498 1738 631 1815 Myrrha,
646 1748 769 1814 stacten,
784 1745 894 1802 cassia:

352 1829 354 1834 ’
382 1848 386 1880 :
458 1819 532 1889 Quae
547 1821 691 1879 bonorum
705 1824 793 1882 decus
808 1845 932 1897 morum,

456 1903 560 1976 Atque
574 1904 665 1961 bonos
679 1924 799 1980 precum
813 1926 900 1964 sonos

499 1982 576 2040 Sunt
590 1985 795 2060 significantia.

394 2094 396 2098 v
458 2063 497 2119 In
511 2063 566 2122 hac
581 2085 646 2123 essa
660 2073 766 2124 cuncta
779 2087 850 2124 vasa

458 2144 536 2201 Sunt
550 2167 588 2203 ex
601 2167 673 2205 auro
688 2149 723 2204 de
737 2149 875 2206 thesauro

497 2224 657 2286 Praeelecta
671 2231 807 2305 penitus:

427 2358 430 2365 .
457 2304 537 2363 Nam
551 2310 706 2386 magistros
721 2317 752 2368 et
765 2312 916 2368 ministros

456 2385 551 2446 Decet
565 2390 666 2448 doctos
679 2398 709 2449 et
723 2398 858 2449 excoctos

501 2471 576 2546 Igne
592 2471 694 2529 Sancti
708 2473 844 2549 Spiritus.

457 2552 533 2611 Haec
547 2571 584 2609 ex
598 2553 684 2610 bonis
699 2554 873 2625 Salomonis,

457 2634 531 2704 Quae
545 2652 599 2690 rex
613 2633 714 2692 David
728 2635 915 2713 praeparavit,

368 2764 372 2772 .
497 2711 593 2773 Fiunt
605 2716 735 2773 aedificia.
785 2752 788 2757 Δ

458 2795 516 2854 Sed
529 2797 562 2852 in
576 2796 664 2872 lignis
677 2817 731 2854 rex
744 2796 869 2874 insignis

457 2876 547 2934 Vivit
561 2876 640 2953 Tyri,
655 2879 740 2954 cujus
753 2879 812 2936 viri

497 2958 641 3016 Tractant
654 2959 787 3017 artificia.

457 3038 539 3096 Nam
555 3059 593 3096 ex
606 3046 694 3115 gente
708 3041 729 3099 J
730 3040 890 3116 udaeisque,

457 3119 542 3178 Sicut
555 3120 700 3196 templum
714 3141 752 3179 ex
765 3121 911 3198 utrisque,

498 3201 646 3259 Conditur
659 3202 786 3261 ecclesie

458 3280 586 3355 Christe,
601 3283 654 3359 qui
666 3282 743 3342 hanc
756 3291 786 3341 et
800 3282 854 3340 hos
867 3281 945 3357 unis,

458 3362 548 3439 Lapis
562 3365 650 3421 vivus
663 3371 694 3422 et
708 3363 872 3422 communis

497 3444 568 3502 Tibi
580 3445 645 3502 laus
659 3452 690 3502 et
703 3445 804 3522 gloria.

193 3573 361 3634 secundum
373 3574 488 3634 Lucam
503 3572 573 3651 (xix.
592 3574 682 3654 1-10).

190 3656 231 3713 In
254 3656 307 3714 illo
334 3662 474 3734 tempore,
498 3657 641 3733 Egressus
664 3658 754 3716 Jesus
781 3655 1006 3733 perambulabat
1031 3652 1153 3713 Jericho
1180 3670 1276 3728 usque
1300 3649 1342 3711 ud

130 3736 227 3798 Venit
240 3738 322 3797 enim
333 3736 428 3797 Filius
443 3737 585 3797 Hominis
598 3757 738 3818 querere,
753 3745 784 3796 et
797 3737 913 3795 salvum
926 3736 1031 3808 facem,
1045 3733 1126 3813 quod
1137 3733 1279 3812 perierat

196 3818 299 3879 Credo,

195 3897 388 3973 Offertocttuu
1171 3975 1180 3991 ο

190 3980 320 4038 Domine
340 3980 434 4055 Deus,
447 3979 481 4038 in
501 3981 690 4058 simplicitate
710 3981 807 4040 cordis
827 3980 888 4039 mei
902 3979 989 4041 laetus
1009 3975 1107 4037 obtuli
1125 3990 1291 4036 universe:
1310 3982 1341 4036 et

129 4062 274 4139 populum
293 4068 382 4120 tuum
401 4062 455 4139 qui
474 4069 609 4138 repertus
623 4070 668 4122 cst
681 4063 746 4123 vidi
765 4082 834 4121 cum
851 4061 968 4139 ingenti
984 4059 1094 4140 gaudio
1102 4077 1112 4134 3
1131 4057 1220 4118 Deus
1236 4057 1348 4137 Israel„

133 4143 249 4200 custodi
262 4143 338 4200 hanc
352 4142 547 4202 voluntatem.

195 4224 315 4282 Secreto.

192 4305 312 4376 Annue,
331 4303 470 4382 Domine,
493 4301 670 4383 quaesumus,
694 4306 830 4383 precibus
851 4304 980 4379 nostris;
1009 4309 1047 4362 ut
1068 4300 1242 4381 quicunque
1260 4300 1343 4361 intre

130 4386 235 4461 templi
244 4385 343 4461 hujus,
353 4387 437 4464 cujus
451 4388 687 4446 anniversarium
697 4387 892 4446 dedicationis
901 4387 981 4446 diem
991 4384 1183 4460 celebramus,
1193 4383 1342 4444 ambitum

550 4525 920 4578 *cuorum-usscanss.
970 4509 972 4513 '
