2956 5002
224 323 287 387 162
578 320 719 387 sabbato
737 329 812 407 poet
833 321 1052 388 Pentecosten.

283 487 444 564 Sequentia.

583 567 672 641 Veni,
687 569 794 627 Sancte
808 569 945 646 Spiritus,

583 649 625 707 Et
638 650 741 708 emitte
754 651 867 708 coelitus

623 730 712 789 Lucis
725 737 784 788 tuoe
798 731 922 790 mulium.

582 810 673 883 Veni,
688 817 773 888 pater
785 833 947 889 pauperum
958 833 967 885 ;

583 892 672 963 Veni,
688 893 774 950 dator
787 913 943 952 munerum
953 915 962 967 3

622 973 712 1046 Veni,
727 973 827 1031 lumen
841 975 980 1032 cordium.

584 1053 758 1111 Consolator
771 1055 889 1131 optime,

583 1134 687 1191 Dulcis
700 1135 804 1211 hospes
818 1137 932 1207 animae,

623 1215 718 1272 Dulce
732 1216 933 1292 refrigerium:

583 1296 622 1352 In
636 1297 736 1354 labore
750 1297 873 1373 requieS,

581 1376 621 1433 In
635 1383 709 1434 aestu
722 1379 885 1454 temperior,

624 1457 663 1514 In
677 1459 750 1516 fletu
763 1459 908 1516 solatium.

583 1538 608 1595 O
623 1539 678 1595 lux
691 1539 925 1613 clementissima,

581 1619 676 1695 Reple
689 1621 784 1678 cordis
797 1620 905 1678 intima

621 1701 751 1758 Tuorum
766 1701 905 1759 fidelium.

583 1780 653 1839 Sine
665 1788 718 1838 tuo
732 1782 854 1839 numine

580 1862 667 1919 Nihil
681 1869 726 1920 est
739 1863 771 1919 in
785 1863 905 1935 lumine,

623 1943 710 2000 Nihil
724 1952 768 2000 est
782 1944 947 2001 innoxium.

582 2025 664 2082 Lava
677 2025 756 2100 quod
770 2031 814 2082 est
828 2025 986 2097 sordidum,

581 2106 659 2181 Riga
673 2105 751 2179 quod
765 2111 809 2162 est
823 2105 947 2178 aridum,

621 2187 699 2243 Sana
712 2187 790 2263 quod
805 2192 849 2244 est
863 2188 1001 2244 saucium.

580 2267 679 2324 Flecte
690 2268 768 2343 quod
782 2275 826 2325 est
840 2268 976 2344 rigidum,

582 2348 663 2405 Fove
677 2348 755 2424 quod
770 2355 814 2405 est
828 2349 978 2424 frigidum,

622 2429 705 2505 Rege
719 2429 797 2506 quod
811 2436 856 2487 est
870 2429 996 2486 devium.

581 2510 630 2567 Da
643 2512 703 2567 tuis
717 2511 852 2568 fidelibus

580 2590 620 2647 In
634 2597 664 2648 te
677 2592 893 2648 confidentibus

622 2672 742 2728 Sacrum
757 2671 963 2748 septena-rium.

580 2751 629 2809 Da
642 2753 764 2809 virtutis
777 2754 925 2825 meritum,

579 2833 628 2890 Da
641 2833 745 2889 salutis
759 2835 882 2904 exitum,

620 2913 668 2970 Da
681 2932 808 2988 perenne
822 2914 969 2990 gaudium.

276 3055 476 3131 Eoouqolicim.
520 3053 686 3112 Secundum
699 3054 811 3112 Lucum
825 3055 878 3129 (io.
896 3054 1010 3133 38-42)

279 3154 319 3211 In
341 3154 393 3210 illo
415 3159 554 3228 tempore,
577 3153 705 3229 Surgens
726 3152 748 3210 J
750 3172 814 3209 esus
837 3153 873 3210 de
898 3172 1053 3230 synagoga,
1076 3153 1213 3213 introivit
1238 3155 1274 3213 in
1299 3156 1419 3216 domum

218 3236 346 3294 Simonis
354 3254 466 3374 Dotoque
493 3235 533 3290 od
560 3233 629 3310 quia
658 3238 688 3290 et
715 3233 781 3290 aliis
807 3233 978 3291 civitatibus
1004 3241 1121 3311 oportet
1147 3255 1194 3295 me
1221 3239 1419 3316 evangelium

216 3337 341 3395 regnum
385 3336 419 3374 er.

277 3413 469 3570 gffi‘t’fflm·
514 3492 627 3550 Emitte
648 3492 794 3568 Spiritum
818 3498 913 3564 tuum,
938 3498 969 3550 et
990 3492 1185 3552 creabuntur:
1212 3501 1242 3554 et
1265 3500 1420 3559 renovabis

216 3577 321 3635 faciem
334 3583 420 3633 terrae
436 3597 441 3633 :
464 3575 502 3630 sit
516 3575 610 3650 gloria
623 3573 745 3630 Domini
759 3574 791 3629 in
805 3573 918 3645 saecula,
932 3572 1067 3650 alleluya„

276 3675 395 3734 Secreta.
439 3673 513 3729 Haec
541 3671 659 3742 oblatio
685 3690 859 3746 quaesumu8‚
885 3671 1021 3744 Domine,
1047 3673 1141 3732 cordis
1167 3677 1264 3735 nostri
1290 3680 1421 3739 maculo

215 3757 385 3895 {ffffitesstg
405 3759 440 3811 ut
454 3753 557 3811 Sancti
574 3753 701 3829 Spiritus
715 3752 803 3828 digna
817 3752 959 3810 efficiatur
976 3753 1129 3814 habitatio.
1172 3756 1231 3815 Per
1244 3757 1416 3820 Dominum.

276 3933 425 4008 Praefotio.
468 3932 527 4001 Qui
541 3930 706 3988 ascendens.
751 3929 1007 3990 Communicantes
1021 3941 1047 3991 et
1060 3933 1150 3991 Hanc
1162 3933 1265 4012 igitur.

276 4029 605 4185 §liiiwiiizielinqucm
625 4107 789 4184 orphanos:
817 4109 933 4166 veniam
953 4109 991 4167 ad
1011 4129 1064 4168 vos
1084 4110 1203 4185 iterum,
1226 4112 1366 4196 alleluya,
1388 4124 1417 4178 ct

215 4192 354 4270 gaudebit
369 4211 418 4248 cor
431 4198 571 4262 vestrum,
586 4189 715 4265 alleluya

275 4289 515 4348 Pootcommunio.

276 4372 433 4429 Praebeant
446 4371 539 4441 nobis,
551 4388 728 4444 quaesumus,
741 4368 875 4426 divinum
890 4375 943 4427 tuo
956 4375 1055 4428 sancta
1069 4370 1213 4432 fervorem
1219 4393 1229 4448 3
1242 4394 1303 4453 quo
1316 4398 1414 4438 eorum

214 4454 325 4532 pariter
338 4457 368 4510 et
382 4456 450 4509 actu
464 4451 641 4508 delectemur
654 4457 685 4509 et
697 4450 804 4508 fructu.
848 4451 907 4508 Per
920 4452 1090 4511 Dominum.

1064 4566 1077 4599 t
