2926 4996
260 328 369 394 Missa
391 328 430 393 de
453 328 610 414 Qnirrque
638 329 845 395 Vulneribus
866 332 951 397 Jesu
974 333 1107 399 Christi.

281 495 354 553 Nox
367 495 512 553 insomnis
524 495 627 571 itaque
640 501 705 553 tota
719 496 900 570 ducebatur;

322 576 417 634 Nulla
430 596 550 653 prorsus
563 577 680 653 requies
693 577 715 635 J
716 597 767 634 esu
780 579 997 654 praestabatur,

321 658 532 734 Magistrorum
548 657 641 734 impia
653 658 736 734 plebs
749 658 920 736 injuriatur,

321 739 428 815 Alapis
442 745 473 795 et
486 738 616 815 colaphis
629 739 770 797 innocens
783 747 939 799 mactatur.
969 807 972 813 q

283 830 365 887 Dum
378 831 400 889 J
402 849 484 888 esum
498 832 609 907 eripere
623 831 740 890 Pilatus
754 839 886 904 conatur,

321 912 343 970 J
344 911 495 968 udaeorum
509 912 588 970 furia
601 913 694 989 magis
707 913 920 987 inflammatur,

323 991 364 1049 Et
377 992 525 1050 tumultus
539 994 641 1072 populi
655 994 760 1070 ingens
773 995 931 1069 excitatur,

322 1072 363 1129 Et
376 1073 471 1149 plebis
484 1094 544 1131 vox
557 1075 677 1132 intonat
689 1080 726 1132 ut
738 1075 936 1152 crucifigatur.

281 1166 425 1223 Traditur
438 1166 594 1238 militibus,
609 1165 737 1225 vinculis
751 1173 893 1240 arctatur,

323 1246 468 1324 Undique
481 1247 652 1306 verberibus
665 1267 771 1324 corpus
784 1255 965 1322 cruentatur,

324 1327 422 1404 Caput
436 1329 513 1404 regis
526 1328 627 1404 gloriae
640 1329 734 1405 spinis
748 1336 916 1403 coronatur,

245 1453 246 1456 ¹
324 1408 455 1485 Postque
469 1409 553 1467 flexis
567 1410 691 1486 genibus
705 1410 839 1487 quisquis
852 1412 998 1472 irritatur.

285 1488 360 1547 Ecce
374 1509 441 1547 caro
454 1495 558 1548 tenera
570 1491 667 1548 nostri
681 1490 851 1564 SalvatoriS,

323 1571 373 1630 Ad
386 1570 554 1629 columnam
567 1571 705 1648 nequiter
718 1578 883 1630 coarctatur
896 1573 977 1647 loris,

325 1650 375 1709 Sic
388 1651 512 1728 flagellis
525 1652 649 1709 creditur
661 1652 747 1728 impii
760 1654 891 1727 tortoris,

326 1732 413 1802 Quod
428 1739 568 1794 emanant
581 1733 673 1790 rivuli
685 1733 770 1791 rubei
784 1734 904 1792 cruoris.

285 1813 358 1871 Post
371 1834 424 1890 per
437 1814 519 1871 urbis
532 1814 663 1872 medium
676 1814 698 1872 J
699 1833 764 1872 esus
778 1815 962 1890 procedebat,

325 1895 367 1952 Et
379 1895 474 1952 crucis
487 1895 656 1971 patibulum
668 1894 799 1953 humeris
812 1895 934 1970 ferebat,
978 1918 980 1922 “
1044 1933 1045 1937 1

324 1975 376 2033 Ad
389 1976 474 2048 fores,
490 1976 529 2033 ad
542 1976 619 2034 ostia
632 1977 757 2053 populus
770 1976 891 2050 fluebat,

325 2056 457 2134 Ejusque
471 2057 605 2115 confusio
619 2058 755 2115 omnibus
769 2058 898 2134 patebat.

285 2137 337 2195 Ad
350 2138 470 2213 pudoris
484 2138 645 2211 cumulum,
660 2138 683 2197 J
684 2158 742 2212 esu,
758 2139 923 2213 denudaris,

326 2219 368 2275 Et
380 2224 472 2276 vento
485 2238 519 2276 ac
531 2219 635 2296 frigori
648 2219 746 2277 nudus
760 2220 903 2296 spoliaris,

326 2299 474 2357 Innocens
488 2319 556 2358 cum
568 2301 669 2377 impiis
681 2301 715 2358 in
729 2320 813 2359 cruce
827 2301 986 2374 damnaris,

326 2379 368 2437 Et
382 2381 466 2457 quasi
479 2380 543 2438 dux
556 2382 673 2439 sceleris
686 2381 784 2439 medic
797 2382 909 2439 locaris.

284 2460 390 2518 Tensis
404 2461 485 2538 ligno
499 2461 635 2535 brachiis,
650 2482 756 2520 manus
770 2463 1001 2522 conclavantur:

326 2541 449 2619 Corpus,
463 2544 595 2600 membra
607 2544 733 2620 singula,
747 2543 836 2620 pedes
848 2544 1044 2620 perforantur.

214 2622 215 2625 ’
327 2622 432 2695 Nervi,
447 2643 538 2697 venae,
555 2624 646 2682 simili
660 2625 746 2682 modo
759 2626 853 2701 poenis
866 2625 1083 2699 tractabantur,

326 2703 429 2778 Pedes,
445 2704 555 2781 plantae
570 2705 695 2762 Domini
707 2706 784 2764 ferro
798 2706 1028 2765 concavantur.*

288 2796 432 2855 Fundunt
445 2798 526 2856 rivos
539 2798 692 2875 sanguinis
705 2799 837 2857 membra
851 2799 1022 2873 Salvatoris,

326 2877 470 2954 Properet
482 2879 541 2938 huc
555 2881 655 2937 anima
667 2880 764 2955 tristis
776 2881 944 2957 peccatoris.

328 2958 376 3018 Ut
390 2960 510 3018 hauriat
523 2961 677 3037 quippiam
691 2963 798 3020 sacrati
811 2961 945 3039 liquoris,

329 3040 396 3110 Quo
409 3040 581 3117 bequenter
593 3041 681 3100 liniat
694 3043 819 3100 vulnera
833 3042 950 3101 doloris.

288 3119 425 3198 Loquens
439 3122 461 3180 J
462 3142 527 3181 esus
540 3129 651 3199 postea,
668 3123 752 3196 sitio,
768 3123 903 3182 dicebat:

328 3202 371 3259 Et
383 3209 501 3261 acetum
514 3203 650 3281 protinus
663 3203 789 3280 felleque
802 3204 961 3278 miscebat3

328 3283 376 3342 Ac
390 3284 524 3342 infusum
537 3285 659 3362 spongia
672 3285 717 3342 ori
729 3285 906 3362 porrigebat,

329 3365 417 3434 Quod
430 3365 591 3442 degustans
606 3366 768 3442 [raululum,
782 3385 897 3424 sumere
910 3364 1039 3425 nolebat.

289 3443 338 3505 Mi
351 3446 373 3503 J
374 3466 426 3503 esu
440 3447 571 3516 mirifice,
586 3447 658 3524 quid
671 3453 718 3505 cst
731 3447 810 3525 quod
822 3446 946 3524 agebasl

329 3527 377 3584 Tu
390 3526 427 3585 dc
440 3527 492 3585 siti
505 3529 695 3606 conquerens,
710 3526 746 3586 de
759 3547 844 3586 cruce
858 3527 981 3586 silebas:

328 3607 486 3685 Numquid
499 3607 576 3666 hanc
590 3608 740 3667 doloribus
753 3609 847 3685 magis
860 3609 1025 3682 sentiebas,

331 3688 390 3746 Sed
403 3688 530 3747 salutem
544 3689 644 3766 potius
657 3695 790 3748 nostram
803 3689 942 3748 sitiebasl

290 3768 403 3828 Vocem
416 3789 555 3848 promens
568 3770 715 3843 ultimum,
730 3771 853 3829 Patrem
867 3769 1023 3843 invocasti,

331 3849 479 3927 Spiritum
492 3851 525 3910 in
538 3853 676 3910 manibus
689 3853 754 3928 siris
767 3851 995 3910 commendasti:

332 3930 409 3990 cum
423 3933 550 3991 clamore
563 3932 663 3991 valido
676 3933 798 3998 tandem
811 3933 978 4009 exspirasti,

330 4011 372 4071 Et
385 4014 512 4073 salutern
525 4014 659 4072 omnium
672 4013 717 4072 ita
730 4012 950 4073 consummasti.

292 4091 383 4153 Nunc
396 4114 450 4171 ego
464 4096 609 4171 superbia
623 4101 660 4154 tu
672 4094 858 4167 humiliar.·is;

331 4174 396 4253 Ego
410 4176 511 4252 culpas
524 4182 671 4254 perpetra,
687 4183 724 4234 tu
735 4176 831 4253 poenis
843 4175 995 4253 graveris:

332 4256 398 4334 Ego
410 4276 532 4333 pomum
546 4258 674 4331 mordeo,
689 4262 725 4316 tu
738 4257 807 4316 defle
819 4257 932 4334 potaris
943 4276 953 4330 3

332 4337 396 4415 Ego
408 4343 477 4414 peto
491 4339 601 4413 mollia,
616 4345 652 4397 tu
666 4338 730 4398 dire
743 4338 890 4398 cruciaris.

353 4478 368 4504 ⁴*
384 4477 423 4524 So.
439 4477 484 4525 Ed
496 4480 517 4525 1.
550 4479 604 4527 The
613 4478 674 4528 later
684 4479 745 4528 Edd.
756 4479 819 4529 have
834 4482 849 4510 “
858 4476 1044 4528 conclavantur!
