2926 4996
414 388 600 455 Domc'ua'cu
614 388 657 454 ta
674 387 970 475 Qaioqaayeeimo.

388 644 390 649 ,
444 582 606 640 ΒοΜῙΝΙοΑ
630 599 663 640 m
684 583 950 652 Qumeuaersmu.

145 704 197 762 Aa
212 704 345 762 Missam.
391 703 530 778 Officium.

144 786 220 843 Esto
234 785 308 842 mihi
330 785 362 841 iu
385 784 484 842 Deum
506 790 702 861 protectorem
716 791 746 843 et
765 786 798 842 in
816 786 913 843 locum
931 786 1047 862 refugii,
1062 793 1098 843 ut
1117 787 1232 844 salvum
1247 807 1295 845 me

81 866 174 924 facias
188 888 194 923 :
209 867 349 942 quoniam
360 865 581 923 firmamentum
591 886 690 924 meum
701 873 732 923 et
745 866 892 943 refugium
902 887 1000 925 meum
1015 887 1045 924 es
1059 872 1094 925 tu
1105 887 1111 923 :
1128 874 1159 926 et
1172 874 1295 945 propter

82 967 194 1005 nomen
208 954 296 1004 tuum
311 947 374 1003 dux
387 946 462 1003 mihi
475 947 552 1004 eris:
575 954 605 1004 et
619 948 748 1004 enutries
761 966 816 1004 me.

88 1206 131 1264 lib
145 1045 401 1198 ffagjuss·omine'
417 1125 540 1202 speravi,
556 1145 617 1182 non
636 1126 800 1183 confundar
817 1126 850 1182 in
869 1130 1031 1183 aeternum:
1053 1126 1086 1182 in
1102 1127 1222 1202 justitia
1242 1133 1295 1184 tua

133 1227 185 1264 era
197 1226 253 1264 me.

151 1297 261 1357 Oratio

147 1379 253 1437 Preces
267 1384 391 1451 nostres,
404 1398 580 1454 quaesumus,
594 1379 731 1451 Domine,
742 1379 901 1438 clementer
911 1380 1019 1437 exaudi
1031 1399 1040 1452 3
1063 1385 1154 1457 atque
1167 1401 1185 1437 a
1198 1400 1296 1456 pecca-

84 1468 188 1518 torum
201 1480 256 1518 nos
266 1460 393 1518 vinculis
403 1460 554 1518 absolutos
564 1461 602 1518 eb
613 1461 694 1519 omni
707 1460 885 1519 adversitate
895 1461 1016 1518 custodi
1050 1461 1108 1519 Per
1122 1461 1292 1520 Dominum.

146 1558 198 1615 Aa
212 1557 379 1616 Occiatla'oe
393 1557 427 1635 (l
450 1557 534 1635 aiii.)

147 1639 287 1696 Fratres:
316 1639 348 1696 Si
363 1639 473 1715 linguis
493 1638 648 1696 hominum
668 1639 772 1715 loquar
791 1645 822 1696 et
844 1637 1016 1715 angelorum
1032 1657 1122 1714 aeque
1140 1641 1180 1697 ad
1201 1640 1295 1715 major

86 1724 191 1777 autem
205 1719 312 1777 horum
326 1725 372 1777 est
385 1719 498 1778 caritas.

147 1815 343 1967 {idagiaiieus
359 1896 410 1972 qui
424 1895 495 1953 facis
512 1896 659 1953 mirabilia
680 1897 775 1955 solus:
796 1903 899 1955 notam
918 1893 1015 1954 fecisti
1034 1896 1065 1952 in
1087 1896 1224 1972 gentibus
1238 1896 1295 1952 vir-
1344 1935 1346 1938 <

86 1982 294 2116 iiiieffibteidgi
307 2058 339 2115 in
353 2057 472 2116 brachio
486 2063 539 2115 tuo
552 2057 695 2135 populum
708 2064 815 2116 tuum:
836 2059 912 2116 filios
927 2060 1020 2118 Israel
1035 2064 1066 2115 et
1078 2058 1100 2115 J
1102 2057 1197 2134 oseph.

151 2155 283 2214 Tractus.

149 2237 171 2295 J
172 2238 283 2294 ubilate
298 2238 372 2309 Dec,
388 2238 483 2294 omnis
497 2242 594 2294 terra:
615 2238 722 2295 servite
737 2237 866 2294 Domino
879 2239 912 2294 in
925 2238 1036 2296 laetitia.

93 2318 123 2376 V.
146 2317 264 2376 Intrate
277 2319 311 2374 in
324 2324 481 2394 conspectu
495 2319 558 2394 ejus
575 2319 609 2374 in
627 2318 817 2376 exultatione.
862 2319 973 2376 Scitote
993 2317 1134 2394 quoniam
1147 2315 1295 2373 Dominus

85 2399 150 2474 ipse
164 2406 209 2456 est
222 2399 312 2457 Deus

93 2480 125 2536 V.
148 2479 216 2556 Ipse
229 2480 299 2537 fecit
312 2499 374 2553 nos,
386 2485 416 2538 et
428 2499 490 2538 non
500 2480 556 2556 ipsi
569 2499 639 2538 nos:
654 2500 707 2538 nos
721 2486 817 2538 autem
833 2480 959 2557 populus
973 2481 1044 2557 ejus,
1055 2486 1086 2536 et
1100 2497 1167 2536 oves
1180 2496 1293 2554 pascuae

87 2579 160 2636 eJus.

149 2651 317 2711 Secundam
330 2654 443 2711 Inurum
451 2653 548 2731 (mciii.
562 2654 677 2732 31-43)

150 2734 190 2790 In
210 2734 262 2791 illo
283 2741 423 2810 tempore,
437 2735 609 2811 Assumpsit
627 2736 649 2794 J
651 2755 715 2793 esus
736 2735 889 2793 duodecim
910 2734 1074 2811 discipulos
1099 2740 1129 2792 et
1153 2733 1195 2790 ait
1217 2731 1276 2789 illis
1286 2753 1294 2802 ;

88 2815 164 2872 Ecca
178 2815 361 2872 ascendimus
376 2815 615 2892 Hierosolymam
628 2818 773 2892 usquead
789 2817 830 2874 Et
849 2817 945 2875 omnis
958 2816 1049 2893 plebs,
1063 2821 1098 2872 ut
1112 2814 1198 2886 vidit,
1213 2813 1295 2871 dedit

86 2895 207 2954 laudem
221 2896 293 2954 Dee.

152 2991 345 3066 Offertociam.

150 3072 328 3131 Benedictus
342 3094 382 3147 es,
397 3074 526 3132 Domine
534 3095 543 3147 3
565 3075 635 3133 doce
648 3095 695 3132 me
705 3074 931 3151 justificationes
945 3081 1019 3132 tuas.
1063 3073 1241 3131 Benedictus
1255 3091 1293 3143 eS,

86 3154 237 3227 Domine;
258 3155 328 3212 doce
348 3174 395 3212 me
411 3155 639 3231 justificationes
652 3162 738 3214 tuas:
758 3156 791 3212 in
805 3157 891 3213 labiis
904 3156 977 3213 meis
990 3154 1184 3232 pronunciavi
1198 3153 1295 3210 omnia

82 3235 199 3310 judicia
212 3235 271 3292 oris
285 3236 338 3293 tui

150 3329 271 3389 Secreta.

150 3412 225 3469 Haec
239 3412 345 3484 hostia,
360 3432 535 3488 quaesumus,
547 3413 685 3485 Domine,
700 3414 842 3471 emundet
855 3418 956 3470 nostra
970 3412 1074 3470 delicta
1086 3431 1094 3483 ;
1115 3416 1145 3468 et
1159 3409 1196 3468 ad
1210 3409 1295 3467 sacri-

85 3493 190 3550 ficium
204 3493 411 3552 celebrandum
425 3494 611 3553 subditorum
624 3495 681 3552 tibi
699 3513 820 3572 corpora
839 3500 1011 3570 mentesque
1024 3493 1193 3551 sanctificet.
1237 3490 1295 3546 Per

86 3575 262 3632 Dominum.

151 3669 334 3729 Caumauia

150 3751 409 3809 Manducaverunt
422 3757 452 3809 et
466 3752 592 3810 saturati
610 3757 679 3810 sunt
695 3753 801 3810 nimis:
823 3758 852 3811 et
873 3751 1050 3811 desiderium
1070 3768 1171 3808 eorum
1191 3747 1294 3806 attulit

82 3834 129 3891 eis
145 3832 312 3890 Dominus:
328 3838 394 3890 'non
408 3838 478 3890 sunt
491 3833 620 3890 fraudati
633 3853 652 3891 a
665 3833 808 3891 desiderio
822 3852 882 3890 suo.

150 3930 393 3987 Poctcommuae'a

150 4009 335 4083 Quaesumus,
355 4011 539 4086 omnipotens
556 4012 646 4080 Deus,
667 4017 702 4069 ut
723 4011 774 4089 qui
795 4011 921 4069 caelestia
940 4009 1081 4067 alimenta
1100 4007 1291 4085 percepimus,

79 4111 141 4170 per
155 4091 218 4149 haec
232 4097 336 4149 contra
350 4092 448 4148 omnia
462 4092 584 4150 adversa
597 4092 774 4150 muniamur.
817 4092 876 4149 Per
889 4092 1060 4150 Dominum.

393 4285 494 4343 Fnam
516 4287 699 4355 Quaeram
720 4286 835 4344 Onmru
855 4287 877 4344 J
878 4303 990 4345 neuun.

149 4424 223 4481 Post
235 4421 353 4482 Sectam
366 4423 514 4482 Praelatas
530 4446 595 4483 cam
609 4425 759 4484 Miaictcas
775 4427 809 4482 ia
822 4425 912 4497 Albis,
928 4427 1019 4484 saccis
1034 4424 1160 4482 tractatae
1172 4421 1294 4479 cestibus

74 4518 105 4568 et
124 4514 259 4582 capatus,
275 4525 432 4564 sernwcwm
445 4507 479 4565 de
493 4507 552 4564 diei
560 4507 745 4583 proprietate,
760 4507 864 4566 scilieet
878 4508 1004 4583 qualiter
1016 4506 1059 4565 rei
1073 4526 1100 4564 se
1113 4505 1147 4561 io
1160 4503 1214 4561 isto
1230 4511 1294 4560 teoc-
