2926 4996
170 313 233 374 232
449 310 543 375 Dum.
565 309 612 375 ci.
632 317 708 395 post
732 308 869 376 Octavus
890 309 1098 376 Pcatccmtm

231 475 399 534 Secundam
412 475 526 534 Lucam
540 476 616 555 (axi.
633 477 752 554 20-26)

232 557 271 614 In
301 558 353 615 illo
387 565 528 635 tempore,
557 558 751 634 Respondens
777 558 799 615 J
801 577 867 616 esus
894 557 972 616 dixit
1000 558 1152 634 discipulis
1180 559 1265 616 suis:
1304 557 1381 616 Cum

170 637 306 696 videritis
319 638 496 697 circumdari
508 639 546 696 ab
560 641 693 698 exercitu
708 638 897 697 Hierusalem
911 659 1002 715 usqae
1020 641 1061 697 ad
1081 659 1147 717 quae
1167 639 1382 717 supervenient

140 758 144 770 .
172 719 312 777 universo
326 720 399 778 orbi.

658 842 761 900 Fssrs
782 842 891 900 Snxrs.

237 974 287 1031 Ad
301 973 449 1032 Rauracos
462 973 540 1050 (ciii.
558 973 672 1052 2427).

239 1054 377 1193 Bt'ratres:
412 1055 469 1131 Spe
491 1055 566 1113 salvi
589 1076 679 1130 acqua
702 1057 743 1113 ud
765 1057 836 1132 quia
858 1056 1020 1113 secundum
1044 1056 1144 1113 Deum
1167 1054 1304 1133 postulat
1331 1074 1384 1132 pro

178 1155 246 1194 sanc
261 1155 294 1194 1s.

239 1216 407 1276 Secundum
421 1218 534 1274 Lucam
547 1217 623 1292 (acci.
641 1217 756 1296 34-38)

240 1298 280 1355 In
302 1298 355 1355 illo
379 1304 520 1375 tempore,
543 1297 633 1356 Dixit
653 1298 742 1355 Jesus
766 1298 917 1375 discipulis
941 1298 1022 1356 suis:
1046 1298 1208 1356 Attendite
1230 1297 1325 1370 robis,
1348 1317 1385 1356 ne

178 1379 255 1438 forte
269 1385 431 1457 graventur
443 1399 533 1455 usquc
547 1380 588 1436 ad
602 1379 769 1437 manicabat
781 1380 820 1436 ad
833 1399 901 1437 eum
914 1379 948 1436 in
961 1379 1072 1457 templo
1086 1379 1188 1438 audire
1202 1399 1280 1438 cum.

356 1585 516 1643 Dounucs
536 1583 710 1642 Uunucms
730 1601 802 1644 rosr
823 1585 963 1643 Ocrsvss
984 1584 1206 1644 Psrrscosrss.

246 1706 386 1782 Officium.

243 1788 326 1846 Deus
349 1789 387 1845 in·
405 1787 469 1845 loco
492 1793 594 1846 sancto
618 1807 679 1859 suo,
705 1786 788 1845 Deus
812 1788 865 1863 qui
891 1788 1059 1846 inhabitare
1080 1788 1153 1846 facit
1175 1787 1333 1846 unanimes
1355 1788 1385 1845 in

182 1870 269 1928 domo
283 1892 289 1927 ε
310 1869 372 1945 ipse
386 1869 470 1927 dabit
483 1869 628 1927 virtutem
641 1875 672 1927 et
686 1868 894 1926 fortitudinem
907 1869 988 1945 plebi
1001 1889 1069 1927 suae.

246 1951 391 2008 Fecimus.

244 2033 396 2107 Exsurgat
410 2031 500 2102 Deus,
515 2036 547 2088 et
560 2030 743 2107 dissipentur
762 2030 878 2088 inimici
896 2031 979 2107 ejus:
1000 2037 1031 2089 et
1051 2030 1170 2109 fugiant
1190 2031 1245 2108 qui
1263 2031 1386 2090 oderunt

186 2133 254 2171 eum
267 2133 285 2170 a
298 2112 371 2170 facie
389 2112 459 2188 ejus

248 2193 357 2252 Oratis.

247 2274 339 2346 Deus,
363 2274 416 2351 qui
439 2273 687 2349 omnipotentiam
713 2278 798 2330 tuam
824 2273 971 2350 parcendo
998 2274 1127 2332 maxime
1160 2279 1192 2331 et
1225 2273 1416 2332 miserandoe

187 2355 379 2413 manifestas:
409 2353 575 2430 multiplica
599 2374 687 2431 super
709 2373 764 2412 nos
786 2355 913 2432 gratiam
936 2360 1029 2427 tuam,
1054 2362 1090 2413 ut
1114 2355 1152 2412 ad
1173 2360 1227 2413 tua
1250 2354 1428 2432 promissa.

187 2442 346 2508 currentes,
362 2436 523 2494 caelestium
536 2437 682 2493 bonorum
695 2435 785 2493 facias
798 2454 860 2493 esse
874 2442 1029 2494 consortes.
1073 2436 1133 2494 Per
1145 2436 1320 2494 Dominum.

248 2519 300 2576 Ad
318 2517 485 2576 Corinthios
498 2516 532 2594 (1
548 2537 592 2575 aa.
611 2517 706 2594 1-10).

250 2600 388 2656 Fratres:
410 2598 528 2655 Notum
540 2597 625 2656 vobis
638 2597 713 2655 facio
727 2597 913 2674 evangelium
928 2596 1008 2674 quod
1027 2597 1184 2674 praedicavi
1200 2598 1287 2656 vobis
1304 2617 1422 2673 acque

189 2679 232 2737 cd
245 2680 350 2737 Gratia
364 2685 464 2738 autem
478 2678 538 2738 Dei
549 2699 616 2738 sum
629 2678 661 2736 id
675 2678 754 2755 quod
768 2698 843 2749 sum,
858 2684 889 2736 et
908 2679 1005 2756 gratia
1023 2679 1086 2755 ejus
1099 2679 1133 2736 in
1152 2697 1201 2738 me
1222 2699 1316 2739 vacua
1334 2698 1411 2740 non

190 2761 258 2819 fuit.

253 2841 386 2900 Gradalc.

252 2923 293 2979 In
305 2921 371 2979 Deo
385 2922 515 2998 speravit
529 2941 699 2993 cormeum,
715 2927 746 2980 et
759 2921 879 2999 adjutus
893 2940 968 2994 sum,
984 2927 1015 2979 et
1027 2921 1164 2980 refloruit
1177 2941 1246 2981 caro
1259 2941 1340 2980 mea:
1361 2929 1392 2980 et

193 3024 231 3061 ex
244 3003 399 3061 voluntate
413 3023 479 3061 mea
492 3003 654 3061 confitebor
666 3002 719 3060 illi

199 3086 227 3143 V.
243 3085 296 3142 Ad
308 3090 348 3157 te,
363 3083 501 3157 Domine,
516 3084 668 3154 clamabo:
689 3084 772 3141 Deus
786 3102 876 3156 meus,
892 3103 931 3142 ne
944 3083 1039 3154 sileas,
1053 3103 1092 3141 ne
1106 3084 1240 3144 discedas
1252 3105 1271 3143 a
1283 3103 1333 3142 me

252 3165 401 3242 Alleluya.
450 3165 479 3224 V.
502 3165 670 3237 Attendite,
686 3164 812 3242 populus
825 3183 908 3223 meus
921 3165 955 3222 in
967 3165 1062 3242 legem
1075 3184 1179 3224 meam.

253 3258 289 3318 Sc
309 3258 417 3316 acatia.

290 3278 404 3397 qStans
417 3359 435 3396 a
448 3338 535 3415 longe
549 3339 602 3416 qui
614 3338 743 3415 plurima
756 3344 940 3414 perpetrarat
953 3338 1094 3411 facinora,

313 3423 418 3496 Atque
432 3439 486 3477 sua
498 3420 654 3478 revolvens
667 3439 766 3477 secum
779 3419 913 3492 crimina,

315 3500 445 3558 Nolebat
458 3499 521 3558 alta
534 3500 727 3577 contemplari
740 3501 805 3558 caeli
817 3500 922 3559 sidera

317 3581 376 3640 Sed
388 3587 491 3658 pectus
503 3581 633 3640 tundens
645 3582 708 3639 haec
723 3582 875 3657 promebat
888 3601 938 3640 ore
951 3581 1109 3639 lacrimans
1124 3602 1131 3640 :

317 3663 409 3733 Deus,
423 3663 570 3739 propitius
584 3669 647 3720 esto
660 3662 735 3719 mihi
748 3662 902 3738 peccatori,

318 3745 358 3800 Et
372 3763 438 3800 mea
451 3744 551 3802 omnia
564 3744 629 3801 dele
642 3743 710 3819 pius
723 3743 862 3802 facinora.

319 3825 386 3882 Hac
400 3843 471 3882 voce
484 3825 617 3882 divinam
631 3825 796 3901 promeruit
809 3824 1016 3896 clementiam3

318 3905 444 3964 Necnon
458 3911 489 3962 et
498 3906 679 3981 justificatus
692 3906 777 3963 venit
790 3906 824 3962 in
837 3906 958 3963 domum
971 3925 1056 3963 suam
1069 3926 1075 3962 :

320 3985 413 4063 Cujus
426 4005 479 4044 nos
492 3992 577 4062 grata
591 3994 747 4063 sequentes
760 3987 895 4063 exempla
908 3986 1041 4045 dicamus
1054 3985 1139 4045 Deo:

320 4066 412 4139 Deus,
426 4069 553 4144 benigne
566 4068 660 4126 nostri
674 4068 811 4126 miserere
824 4068 929 4126 laxans
942 4067 1043 4125 debita
1055 4067 1148 4142 mitis,
1159 4073 1191 4126 et
1200 4087 1254 4126 nos
1262 4060 1376 4145 jusitia

259 4198 429 4258 Secundam
443 4198 557 4258 Lucam
571 4200 670 4278 (xciii.
688 4198 785 4277 9-14).

260 4280 300 4336 In
320 4280 373 4337 illo
393 4286 533 4357 tempore,
547 4280 638 4338 Dixit
651 4281 673 4338 J
674 4300 740 4338 esus
761 4280 799 4337 ad
815 4279 968 4355 quosdam,
983 4278 1082 4355 quiin
1095 4298 1127 4337 se
1140 4275 1379 4337 confidebsnttul·

199 4381 289 4438 quam
305 4362 382 4436 justi
395 4381 485 4437 asqac
499 4363 540 4419 ad
554 4362 624 4439 quia
640 4362 736 4419 omnis
756 4362 810 4438 qui
829 4381 860 4419 se
880 4360 1003 4432 exaltat,
1017 4360 1244 4420 humiliabitur:
1263 4353 1381 4436 etquis

200 4442 349 4514 humiliat,
365 4442 554 4502 exaltabitur.
