2926 4996
296 386 389 451 Dona.
412 384 435 448 i.
456 392 531 468 post
556 384 691 449 Octavus
712 384 919 448 Pentecosten

372 551 467 609 Nulla
479 551 686 626 multiplicitas

414 631 453 688 In
467 632 655 703 Divinitate3

413 713 612 788 Personarum
625 713 736 788 paritas

414 794 470 850 Est
484 794 517 849 in
532 794 698 865 Trinitate;

412 874 550 931 Indivisa
564 874 696 931 Trinitas

415 956 470 1012 Est
484 956 517 1011 in
531 954 668 1012 Unitabe.

375 1061 461 1118 Patri
475 1068 563 1117 natus
578 1061 683 1117 similis

416 1142 517 1198 Patris
531 1148 576 1198 est
590 1142 695 1218 imago.

418 1223 476 1280 Sed
491 1242 551 1278 non
565 1223 609 1279 rei
621 1222 717 1279 facilis

418 1303 521 1378 Hujus
536 1309 581 1359 est
594 1303 701 1378 indago
713 1323 721 1374 3

418 1385 465 1442 Sit
478 1385 512 1440 in
525 1385 582 1440 fide
596 1384 711 1440 stabilis

418 1465 562 1521 Humana
580 1484 717 1540 propago

93 1591 153 1648 'tem
167 1589 230 1647 clia
244 1609 303 1665 pro
317 1587 489 1646 Dominicis.
532 1585 706 1661 Sequentia..

379 1685 547 1741 Adoremus
562 1683 721 1740 Unitatem

420 1765 461 1821 Et
475 1766 508 1821 in
522 1785 556 1821 ea
570 1764 748 1821 Trinitatem

423 1846 494 1902 Pari
506 1846 680 1905 reverentia.

381 1928 452 1984 Tres
465 1947 604 2003 personas
617 1926 788 2002 profitentes

422 2008 575 2065 Personali
589 2008 757 2064 differentes

421 2091 453 2146 A
467 2108 498 2145 sc
511 2088 685 2145 differentia.

381 2170 457 2227 Haec
471 2170 613 2226 dicuntur
625 2169 758 2240 relative,

425 2251 500 2308 Cum
514 2252 576 2307 sint
590 2271 684 2307 unum
698 2250 892 2320 substantive,

425 2332 497 2388 Non
510 2332 570 2387 tria
583 2332 735 2407 principia.

385 2413 453 2470 Sive
467 2414 547 2469 dicas
561 2419 621 2468 tres
635 2413 683 2468 vel
697 2413 763 2484 tria,

426 2494 558 2570 Simplex
572 2500 672 2549 tamen
687 2499 731 2549 est
745 2493 818 2565 usia,

426 2575 497 2632 Non
511 2574 621 2650 triplex
636 2575 769 2631 essentia.

384 2656 470 2713 Patri
483 2656 579 2731 proles
594 2663 638 2711 est
653 2655 782 2730 aequalis,

426 2737 491 2794 Nec
504 2737 558 2793 hcc
572 2737 653 2792 tollit
666 2736 828 2811 personalis

427 2819 594 2874 Amborum
609 2817 768 2874 distinctio.

387 2899 472 2955 Patri
485 2919 603 2974 compar
617 2898 752 2972 Filioque

429 2980 577 3055 Spiritalis
591 2981 628 3035 ab
643 2986 769 3054 utroque

429 3061 567 3117 Procedit
581 3061 732 3117 connexio,

389 3141 487 3216 Digne
501 3141 583 3216 loqui
597 3142 633 3197 de
647 3141 778 3216 personis

430 3222 501 3278 Non
515 3223 651 3278 humanae
666 3222 790 3277 rationis

430 3303 521 3360 Valet
535 3303 723 3378 imperfectio

392 3384 463 3460 Spes
477 3389 625 3459 exsurgat,
640 3383 712 3438 fides
726 3387 843 3452 crescat,

432 3464 478 3522 Ut
492 3466 533 3521 sic
546 3465 631 3520 nobis
645 3464 788 3520 elucescat

432 3545 531 3602 Vera*
545 3545 620 3601 lucis
634 3546 716 3601 visio.

391 3627 431 3682 In
444 3647 494 3702 spe
508 3633 621 3683 mentes
635 3626 791 3702 erigamus,

432 3708 473 3763 Et
486 3708 519 3763 in
532 3727 603 3763 vera
616 3726 788 3763 maneamus

433 3788 519 3845 Fidei
532 3788 692 3845 concordia
757 3813 760 3820 ·

392 3869 439 3925 Sit
452 3870 516 3925 laus
530 3869 626 3925 omnis
640 3869 773 3937 Unitati‚

434 3949 537 4024 Sitque
552 3970 673 4006 summae
685 3948 828 4006 Trinitati

434 4031 598 4088 (lo-aeterna
615 4031 715 4106 gloria.
758 4031 867 4087 Amen.

93 4164 168 4222 Item
182 4163 244 4220 alia
258 4182 314 4238 pro
330 4162 500 4219 Dominicis.
543 4160 706 4236 chiieatia.

395 4254 573 4312 Profitentes
587 4255 745 4312 Unitatem

435 4336 621 4393 Veneremur
634 4337 810 4392 Trinitatem

437 4417 508 4473 Pari
522 4418 694 4474 reverentia.

386 4527 399 4554 ¹*
416 4527 455 4571 Sic
467 4527 537 4572 MSS.
570 4528 733 4573 Eun-vera.
