2926 4996
256 322 364 386 Misso
387 323 425 386 de
449 323 605 408 Qeeieeque
634 324 838 388 Vulneribus
859 326 943 390 Jesu
966 328 1098 392 l‘lrristi.
1216 335 1281 394 253

133 489 329 564 Offendoriune.

130 571 177 628 De
198 571 354 647 profundis
378 571 503 628 clamavi
524 573 561 628 ad
586 578 625 643 te,
645 573 792 630 Domine:
821 573 958 645 Domine,
983 574 1092 632 exaudi
1113 578 1278 636 orationem

67 672 175 710 meam.

129 751 253 809 Secreto.

127 832 280 907 Propitius
301 838 372 901 estc,
388 831 524 902 Domine,
540 833 804 908 supplicationibus
824 835 942 903 nostris,
965 842 995 892 et
1016 838 1118 912 populi
1134 840 1179 894 tui
1200 840 1277 896 obla-

62 914 199 972 tionibus
212 913 404 988 precibusque
418 913 569 988 susceptis,
585 915 717 970 omnium
731 923 866 972 nostrum
882 917 917 972 ad
934 924 964 972 te
979 919 1066 974 eorda
1081 927 1276 991 convertant

63 1015 82 1053 a
96 995 223 1052 terrenis
237 994 449 1070 cupiditatibus
463 994 549 1050 liberi
562 995 600 1051 ad
614 995 741 1051 caelestia
754 996 900 1053 desideria
914 1003 1106 1057 transeamus.
1151 1001 1219 1058 Per.

129 1091 310 1151 Oouemunio.

44 1220 46 1227 ,
128 1176 228 1230 Amen
242 1174 307 1230 dico
321 1173 422 1230 vobis:
443 1174 583 1249 quicquid
599 1183 716 1231 orantes
731 1175 842 1251 petitis,
858 1177 969 1234 credite
985 1179 1056 1253 qnia
1070 1180 1229 1255 accipietis,
1246 1188 1276 1237 et

65 1256 118 1313 liet
132 1256 225 1311 vobis.

126 1353 370 1410 Postcomneuneb.

127 1434 259 1490 Concede
279 1435 373 1505 nobis,
396 1433 532 1505 Domine,
548 1455 726 1509 quaesumus,
748 1442 784 1492 nt
805 1456 858 1511 per
877 1437 932 1493 hoc
954 1445 1172 1495 sacramentum
1193 1441 1274 1515 quod

63 1515 251 1590 sumpsimus,
273 1515 413 1590 quicquid
430 1515 462 1571 in
483 1521 585 1571 nostra
606 1523 705 1573 mente
724 1517 866 1575 vitiosum
888 1525 940 1589 est,
956 1519 1049 1595 ipsius
1070 1521 1273 1577 medicaminis

63 1597 142 1653 dono
158 1603 282 1652 curetur.
327 1597 386 1652 Per
401 1596 573 1652 Dominum.

537 1783 637 1840 Fumi
659 1784 797 1852 Quium.

124 1905 176 1962 Ad
192 1905 451 1963 Thessalonicenses
466 1907 496 1982 (2
511 1907 530 1964 i.
548 1907 640 1984 3-10).

123 1987 261 2042 Fratres:
284 1987 403 2043 Gratias
424 2008 509 2062 agere
530 1989 670 2044 debemus
696 1989 760 2045 Deo
781 2009 871 2063 usqne
892 1991 933 2045 nd
953 1990 1134 2047 admirabilis
1155 1992 1219 2046 fieri
1240 1992 1272 2046 in

61 2069 198 2124 omnibns
213 2069 264 2143 qui
279 2069 403 2124 credunt
417 2069 449 2123 in
463 2069 485 2125 J
487 2089 568 2125 esum
583 2069 737 2126 Christum
752 2069 914 2126 Dominum
931 2078 1074 2128 nostrum.

124 2166 292 2224 Secundum
306 2167 420 2224 Lucum
436 2165 474 2242 (ue.
491 2167 559 2243 3-9).
590 2201 592 2205 ·

124 2249 164 2304 ln
177 2249 228 2304 illo
243 2255 382 2323 tempore,
399 2249 488 2304 Dixit
502 2248 523 2304 J
525 2267 590 2303 esus
605 2248 756 2322 discipulis
777 2249 855 2305 suis:
878 2247 944 2319 Ite,
958 2269 1031 2322 ecce,
1046 2271 1099 2326 ego
1114 2251 1203 2310 mitto
1218 2273 1273 2309 ros

60 2331 207 2406 usquead
221 2331 291 2405 quia
305 2329 554 2404 appropinquabit
568 2330 600 2384 in
615 2349 667 2385 vos
683 2350 805 2404 regnum
820 2330 885 2386 Dei.

550 2532 649 2588 Funis
676 2531 783 2588 sinn.

124 2653 207 2711 Lecto
221 2655 374 2710 Zurleuriee
389 2655 539 2728 Proplrelur
556 2655 601 2730 (il.
621 2654 720 2728 10-13)

125 2736 200 2792 Haec
224 2736 295 2792 dicit
319 2736 466 2791 Dominus
491 2736 592 2792 Deus:
625 2735 727 2791 Gaude
753 2743 782 2791 et
805 2736 912 2809 instare,
938 2736 1000 2792 filia
1023 2737 1094 2794 Sion
1118 2760 1208 2815 usque
1231 2742 1272 2799 (nl

59 2818 98 2874 dc
113 2816 281 2873 habitaculo
297 2837 349 2873 suo
365 2817 513 2872 Dominus
528 2817 610 2872 Deus
624 2822 731 2872 noster.

124 2906 292 2971 Secundum
307 2915 445 2971 Murcum
461 2914 537 2984 (etii.
556 2912 668 2989 33-37).

123 2996 163 3052 In
177 2995 228 3051 illo
242 3003 382 3070 tempore,
398 2995 487 3051 Dixit
501 2996 522 3051 J
524 3015 590 3052 esus
603 2995 755 3071 discipulis
770 2997 846 3052 suis:
870 2997 1005 3071 Vigilate
1019 3017 1110 3071 usque
1124 3001 1165 3056 nd
1188 3002 1271 3058 vobis

60 3078 200 3135 omnibus
215 3078 298 3134 dico:
321 3076 462 3152 Vigilate.

95 3281 215 3336 Iuclrm
237 3280 392 3337 Orsrcrun
414 3279 523 3335 Missrn
542 3296 582 3334 nu
604 3295 739 3345 cumcun
761 3279 964 3337 Vunuumses
986 3282 1107 3339 Dorum
1128 3298 1237 3340 uosrnr

537 3360 616 3417 Jusu
639 3359 798 3417 sensns

125 3440 265 3515 Officium.

120 3522 303 3578 Humiliavit
324 3527 416 3577 semet
437 3521 533 3598 ipsum
554 3522 701 3578 Dominus
726 3526 826 3578 noster
847 3522 869 3578 J
871 3542 936 3578 esus
959 3523 1095 3582 Christus
1117 3546 1210 3602 usque
1231 3528 1268 3584 ad

56 3610 194 3676 mortem,
212 3611 336 3659 mortem
350 3609 451 3659 autem
465 3603 577 3660 crucis:
599 3609 719 3678 propter
733 3602 813 3677 quod
826 3609 856 3659 et
871 3604 953 3661 Deus
968 3606 1114 3663 exaltavit
1127 3609 1223 3679 illum,
1237 3617 1268 3665 et

56 3686 183 3741 donavit
197 3685 243 3740 illi
257 3704 363 3741 nomen
378 3685 457 3758 quod
472 3691 516 3741 est
530 3704 617 3759 super
631 3704 745 3740 omnem
762 3703 878 3742 nomen.

56 3767 108 3824 Ps.
133 3766 351 3822 Misericordiae
366 3766 489 3820 Domini
504 3767 533 3820 in
550 3773 694 3821 internum
709 3766 841 3844 cantabo

64 3848 93 3905 V,
122 3847 225 3904 Gloria
241 3847 332 3902 Patri.
376 3847 568 3916 Humilinvit,
585 3856 610 3903 et
625 3855 722 3902 celere.

119 3929 225 4003 Kyrie,
250 3927 445 4002 Omnipotens
467 3927 556 3983 Pater
576 3928 716 4001 ingenite,
731 3928 816 3984 nobis
840 3927 954 3984 miseris
979 3928 1107 4003 eleyson,
1122 3940 1148 3987 et
1166 3940 1263 3989 cetere.

56 4009 161 4066 Gloria
175 4010 207 4064 in
222 4009 343 4065 excelsis
359 4009 423 4065 Deo
437 4029 545 4083 semper
558 4009 668 4065 dicitnr
683 4007 945 4066 introducentem
963 4019 989 4066 et
1007 4009 1263 4086 Septuupesimnnr.

120 4107 230 4164 Oratio.

117 4189 247 4245 Domine
261 4187 334 4244 Jesn
349 4187 476 4255 Christe,
492 4187 550 4243 Fili
566 4187 624 4243 Dei
641 4187 712 4258 rivi,
728 4186 780 4262 qui
801 4186 837 4243 de
857 4186 927 4243 caelo
948 4188 987 4243 ad
1008 4194 1118 4245 terram
1140 4191 1175 4248 de
1196 4193 1265 4250 sinu

56 4271 155 4328 Patris
184 4268 369 4339 descendisti,
396 4273 426 4324 et
453 4268 485 4323 in
509 4267 590 4342 ligno
618 4269 711 4324 crucis
736 4267 867 4343 quinque
891 4268 992 4343 plagas
1016 4271 1204 4345 sustinuisti3
1235 4281 1264 4331 et

90 4480 98 4521 t
114 4418 136 4520 fl
146 4417 207 4520 Tfhils
218 4415 295 4520 Mifspp
305 4416 326 4460 is
337 4415 414 4461 notin
425 4429 474 4474 arry
484 4413 536 4457 ΜΕ.
550 4413 641 4459 Missnl.
674 4415 697 4458 lt
711 4414 732 4459 is
747 4415 898 4458 cornmcnecd
913 4415 961 4459 und
976 4415 1019 4460 leit
1032 4417 1170 4464 unfinishcd
1181 4434 1212 4464 on
1224 4422 1263 4467 tho

59 4490 87 4520 ou
101 4492 151 4520 &11⁴0
173 4491 246 4520 0100
292 4508 297 4518 .
