2926 4996
471 357 575 423 Hebol
587 356 709 444 primo
726 357 1005 443 Quadrupesimce.
1298 361 1339 423 53

134 533 223 596 serto,
242 525 296 582 erit
316 523 424 582 ultimo
442 524 544 584 Oratio
565 524 681 583 Sanctae
695 525 755 582 Dei
775 526 944 602 genitricis,
965 535 991 583 et
1004 526 1094 583 Ferio
1116 526 1209 596 tertio,
1229 525 1343 599 quinto,

134 615 160 662 11
198 605 330 678 Sobboto,
366 606 421 664 erit
456 606 563 664 ultimo
592 607 694 665 Orotio
722 607 919 684 Omnipotens
952 607 1129 683 sempiterne
1163 607 1254 678 Deus,
1293 605 1346 681 qui

134 706 281 745 rivorum.

197 767 313 843 Epistol
332 811 338 825 .
381 768 477 826 Lectio
491 768 646 826 Ezechielis
660 768 810 844 Prophetes
830 767 847 844 (
847 768 941 828 11111.
960 768 1047 826 11-16
1049 768 1074 846 )

198 848 273 906 Haec
288 848 359 906 dicit
373 848 522 906 Dominus
535 849 636 906 Deus:
658 849 733 906 Ecce
748 869 801 925 ego
814 849 877 925 ipse
896 849 1043 925 requiram
1064 869 1133 907 oves
1153 868 1232 906 meas
1254 869 1345 923 usquc

135 931 177 987 od
192 937 222 987 et
235 948 351 1005 pascam
364 929 431 986 illas
444 929 599 1005 injudicio
614 937 644 987 et
654 930 782 1006 justitia,
798 930 870 987 dicit
884 930 1033 988 Dominus
1046 930 1238 1006 omnipotens

198 1091 353 1148 Protector
366 1096 475 1163 noster,
491 1092 594 1167 aspice,
611 1092 711 1149 Deus:
734 1097 765 1148 et
779 1091 890 1167 respice
903 1111 992 1168 super
1006 1111 1104 1148 servos
1117 1097 1192 1149 tuos.

143 1173 170 1228 V.
197 1172 327 1230 Domine
340 1172 423 1229 Deus
436 1172 585 1230 virtutum
598 1194 604 1230 :
627 1173 737 1229 exaudi
749 1192 848 1248 preces
863 1192 1013 1229 servorum
1027 1179 1156 1230 tuorum.

198 1253 365 1311 Secundum
378 1253 553 1310 Mottlucum
574 1252 592 1327 (
591 1274 654 1311 111.
672 1253 787 1330 31-46).

198 1334 238 1390 In
265 1333 317 1391 illo
344 1339 485 1409 tempore,
512 1334 602 1391 Dixit
625 1334 647 1392 J
649 1354 714 1392 esus
742 1333 894 1410 discipulis
913 1334 991 1391 suis:
1016 1334 1093 1391 Cum
1113 1333 1228 1390 venerit
1249 1331 1344 1388 Filius

136 1414 264 1472 hominis
278 1414 311 1471 in
324 1415 479 1490 majestate
500 1434 553 1471 sua
573 1436 663 1490 usque
684 1416 725 1472 ool
745 1415 787 1472 Et
800 1415 889 1472 ibunt
901 1414 935 1472 hi
948 1415 980 1472 in
994 1414 1172 1492 supplicium
1185 1420 1343 1471 aeternum:

132 1495 210 1571 justi
223 1500 323 1552 autern
337 1495 370 1551 in
384 1496 478 1553 vitam
492 1501 641 1554 aeternam.
863 1496 864 1499 ’

199 1573 391 1649 Offertorium.

197 1656 316 1713 Levabo
331 1657 430 1714 oculos
444 1677 524 1714 meos
539 1663 569 1714 et
583 1657 771 1716 considerabo
786 1657 934 1715 mirabilia
947 1663 1008 1729 tua,
1025 1656 1162 1732 Domine,
1184 1662 1220 1713 ut
1242 1655 1344 1713 doceas

135 1757 183 1794 me
193 1737 345 1813 justitiam
358 1743 461 1810 tuam,
483 1738 520 1795 da
535 1739 609 1795 mihi
622 1738 817 1810 intellectum,
839 1744 874 1794 ut
897 1738 1007 1796 discam
1020 1738 1160 1796 mandata
1173 1743 1233 1795 tua.

197 1818 319 1876 Secreto.

198 1897 335 1970 Munera,
351 1899 488 1972 Domine,
504 1900 604 1956 oblata
624 1899 782 1972 sanctifica,
799 1917 910 1975 nosque
931 1920 949 1956 a
969 1905 1156 1976 peccatorum
1176 1904 1345 1956 nostrorum
1446 1936 1450 1944 ·

134 1980 259 2037 maculis
274 1981 409 2037 emunda
443 1980 503 2038 Per
512 1981 678 2037 Dominum
691 1987 828 2038 nostrum
838 1980 860 2038 J
862 2001 944 2039 esum
958 1980 1111 2057 Christum
1122 1979 1234 2037 Filium
1248 1986 1343 2036 tuum.

136 2061 197 2130 Qui
210 2066 310 2117 tecum
323 2060 401 2118 vivit
414 2067 445 2118 et
458 2067 570 2138 regnet.
762 2053 765 2060 ’

198 2140 381 2199 0111111111.

197 2222 282 2279 Voce
296 2241 361 2279 mea
374 2222 412 2279 ad
426 2223 589 2279 Dominum
607 2223 751 2281 clamari:
772 2229 802 2280 et
823 2222 977 2280 exaudivit
998 2241 1045 2280 me
1065 2222 1101 2279 de
1122 2227 1223 2280 monte
1244 2227 1345 2278 saneto

134 2322 206 2375 suo,
227 2322 290 2360 non
303 2303 414 2360 timebo
427 2303 521 2360 millia
535 2304 637 2380 populi
651 2304 860 2362 circumdantis
874 2323 929 2361 me.

198 2384 440 2442 Postcommunr'o.

199 2465 345 2522 Salutaris
364 2465 420 2537 tui,
436 2465 572 2538 Domine,
588 2485 712 2524 munere
733 2465 834 2523 satiati
854 2464 1000 2541 supplices
1020 2483 1184 2534 exoramus,
1205 2470 1241 2522 ut
1261 2464 1346 2540 cujus

132 2547 271 2604 laetamur
298 2552 388 2622 gustu
415 2565 592 2603 renovemur
620 2546 733 2604 effectu.
790 2546 850 2603 Per
876 2546 1041 2603 Dominum
1075 2552 1212 2604 nostrum
1239 2545 1344 2603 Jesum

134 2627 291 2684 Christum
305 2626 417 2684 Filium
431 2633 525 2685 tuum.
570 2627 630 2696 Qui
644 2635 742 2685 tecum
756 2627 832 2685 vivit
846 2633 877 2685 et
889 2632 1001 2703 regnat.

196 2707 293 2783 Super
305 2707 462 2783 Populum.
1039 2779 1042 2786 ,

197 2789 339 2861 Absolve,
355 2808 531 2864 quaesumus,
544 2789 683 2861 Domine,
696 2783 865 2846 nostrorum
879 2787 999 2846 vincula
1013 2794 1209 2865 peccatorum,
1224 2794 1255 2846 et
1268 2787 1346 2865 quic-

131 2868 208 2946 quid
222 2890 276 2946 pro
291 2870 333 2926 eis
346 2888 502 2942 meremur,
517 2869 698 2947 propitiatus
713 2875 822 2929 averte.
864 2869 924 2928 Per
938 2869 1109 2928 Dominum.

195 3103 481 3162 1111111111
500 3104 599 3163 Velum
613 3125 784 3180 suspersam
797 3105 938 3164 1111111111
955 3107 1033 3165 inter
1049 3107 1160 3166 Soneio
1180 3116 1346 3165 sanctorum

130 3195 159 3242 et
182 3183 301 3242 Olerum
321 3205 412 3260 usque
432 3186 473 3242 ud
494 3183 605 3243 Cenum
625 3186 756 3260 Domini,
780 3207 830 3244 nec
850 3187 1046 3261 abstrahetur,
1068 3189 1128 3245 nisi
1148 3189 1221 3245 dune
1241 3187 1346 3262 1191111

131 3265 342 3339 Eounpelium,
358 3275 384 3323 11
398 3267 438 3323 orl
452 3265 634 3324 111111111111
654 3267 773 3339 Hostioe,
794 3276 820 3325 et
844 3269 885 3324 orl
899 3269 1107 3344 processionem
1127 3269 1218 3326 Ferio
1239 3277 1347 3343 quartu

130 3357 160 3404 11
188 3355 274 3416 sento,
297 3356 323 3404 et
346 3347 381 3403 in
403 3345 533 3404 Obitibus
557 3349 597 3404 ud
621 3349 895 3406 commendationem
919 3359 945 3407 11
965 3350 1091 3407 Missum
1114 3359 1238 3421 tontum,
1264 3358 1290 3406 et
1313 3348 1347 3404 in

131 3428 309 3499 Dominicis,
332 3437 358 3485 11
379 3427 413 3484 in
433 3427 503 3485 aliis
515 3428 610 3485 Fertis
630 3449 730 3486 novem
742 3429 913 3487 Lectionum
921 3451 934 3500 ;
955 3431 1004 3488 sed
1017 3431 1052 3487 in
1064 3430 1159 3487 Festis
1171 3429 1346 3487 Sanctorum

129 3528 237 3566 novem
256 3508 429 3566 Lectionum
456 3518 624 3584 opponetur
654 3508 753 3568 Velum
780 3510 821 3567 ool
847 3510 973 3568 Missum
1000 3512 1035 3568 de
1058 3511 1156 3583 Feriu,
1180 3520 1206 3568 et
1230 3520 1347 3567 11111111

130 3598 306 3646 (1111111111
319 3589 360 3645 acl
373 3589 568 3663 Eoonpelr'um
588 3599 614 3647 et
635 3591 675 3647 nd
695 3590 877 3648 111111111111
890 3591 1009 3663 Hostius,
1025 3591 1100 3648 sicut
1112 3592 1145 3648 in
1160 3590 1228 3648 aliis
1240 3590 1344 3649 Feriis.

129 3669 178 3726 In
186 3670 345 3744 praesentio
360 3678 457 3728 111111
470 3670 593 3728 Proeloti
606 3680 775 3730 1111111111
795 3671 894 3729 Velum
907 3674 947 3729 ml
962 3672 1118 3730 Confiteor.

621 3841 722 3900 Furem
742 3843 867 3901 Teuma

198 3920 338 3996 Officium.

195 4003 333 4076 Domine,
359 4002 504 4080 refugium
533 4003 630 4062 factus
657 4024 688 4062 es
715 4005 800 4062 nobis
823 4025 842 4062 a
865 4005 1054 4082 generatione
1078 4011 1108 4063 et
1135 4006 1291 4084 progenie:
1323 4027 1342 4065 a

127 4083 241 4144 saeculo
254 4090 285 4142 et
298 4084 332 4141 in
344 4085 486 4142 saeculum
500 4091 535 4142 tu
549 4104 586 4143 es.

196 4164 341 4223 Psulmus.

195 4245 374 4322 Priusquam
388 4252 504 4304 montes
517 4247 629 4321 fierent,
645 4252 699 4305 aut
711 4246 891 4305 formaretur
904 4252 984 4306 terra
998 4254 1028 4306 et
1042 4248 1137 4307 orbis:
1160 4269 1178 4306 a
1192 4249 1297 4307 saeculo
1311 4255 1342 4306 et

128 4331 166 4386 in
183 4326 320 4384 saeculum
334 4334 371 4384 tu
385 4346 415 4384 es
430 4328 519 4385 Deus.

199 4404 333 4565 {biblica
348 4488 488 4561 Domine,
503 4489 647 4548 familiam
663 4496 756 4563 tuam,
772 4496 802 4548 et
822 4496 938 4567 praesta,
952 4496 988 4548 ut
1001 4491 1080 4569 apud
1093 4497 1124 4550 te
1140 4511 1223 4549 mens
1243 4497 1343 4548 nostra
