2926 4996
139 350 204 414 126
601 347 650 422 In
665 347 720 413 (111
734 347 877 414 Pmchoe.

199 513 334 572 Crudele.

197 594 272 653 Haec
286 596 348 653 dies
361 614 451 671 quam
466 594 536 652 fecit
550 594 715 654 Dominus:
735 595 912 669 exultemus,
928 600 959 655 et
971 595 1109 655 laetemur
1124 595 1160 654 in
1172 616 1214 655 ea.

143 676 172 736 V.
199 675 390 770 Confitemini
408 676 546 751 Domino,
562 677 703 754 quoniam
720 677 834 737 bonus:
857 677 1053 754 quoniam-in
1074 678 1216 736 seculum
1232 677 1336 740 miseri·

134 757 344 913 Gordiiililiiiia.
392 838 421 896 V.
443 838 557 896 Pascha
569 842 705 896 nostrum
718 839 888 896 immolatus
901 844 947 896 est
962 837 1106 898 Christus.

177 919 248 976 *Ad
267 918 427 995 Vesperca*
474 921 502 979 V.
524 919 690 996 Epulcmur
702 919 736 976 in
752 920 862 997 azymis
875 919 1054 978 sinceritatis
1068 926 1100 979 et
1112 920 1258 980 veritatis.

194 998 352 1077 Sequentia
373 997 546 1080 [incipiatur
558 1021 579 1058 c
592 1000 700 1059 seniori
718 1001 947 1060 Viccrioffllls.
962 998 1015 1081 D.]

215 1106 345 1184 Fulgcns
358 1108 497 1183 praeclara
510 1107 615 1165 rutilat
627 1126 682 1184 per
694 1107 794 1165 orbem
808 1107 895 1165 hodie
909 1107 979 1180 dies,
994 1107 1028 1165 in
1041 1127 1101 1184 qua
1114 1107 1231 1167 Christi
1243 1106 1322 1167 lucida

147 1250 151 1258 ,
297 1195 457 1246 narrantur
470 1195 594 1246 ovanter
606 1188 715 1264 praelia.

150 1284 152 1288 ⁴
216 1268 264 1327 De
286 1268 371 1326 hoste
395 1271 520 1346 superbo
543 1289 632 1346 quem
655 1270 744 1328 Jesus
767 1268 974 1345 triumphavit,
996 1268 1120 1345 pulchre
1143 1275 1240 1329 111111
1258 1268 1326 1328 illius

296 1349 444 1426 perimens
456 1351 616 1410 teterrima.

214 1429 328 1488 Infelix
341 1431 427 1507 culpa
441 1431 521 1504 Evae,
536 1451 595 1508 qua
608 1431 756 1488 caruimus
770 1449 871 1488 omnes
884 1430 948 1488 vita
963 1451 970 1488 :

216 1511 304 1568 Felix
317 1510 413 1587 proles
426 1512 539 1583 Mariae,
555 1531 615 1588 qua
628 1512 782 1588 epulamur
795 1511 883 1569 modo
896 1531 963 1569 una.

215 1592 377 1649 Benedicta
390 1592 430 1649 sit
443 1593 519 1650 celsa
533 1593 650 1670 Regina
662 1593 723 1660 illa,

216 1672 367 1730 Generans
381 1673 493 1751 Regem
507 1674 682 1750 spoliantem
695 1674 828 1745 Tartara,
843 1672 1005 1749 pollentem
1015 1673 1079 1750 jam
1092 1673 1126 1731 in
1139 1672 1257 1732 aethera

215 1753 285 1811 Rex
307 1754 340 1810 in
367 1759 511 1811 aeternum
538 1755 651 1831 suscipe
678 1754 822 1830 benignus
849 1753 995 1830 praeconia
1021 1761 1125 1813 nostra
1151 1754 1213 1812 tibi
1239 1754 1336 1813 sedulo

296 1835 439 1907 canentia,
455 1835 554 1892 Patris
567 1836 670 1892 sedens
683 1835 721 1892 ad
735 1835 897 1907 dexteram,

214 1914 324 1973 Victor
336 1915 447 1991 ubique
460 1922 555 1973 morte
569 1922 706 1992 superata
719 1921 808 1993 atque
825 1915 1018 1992 triumphata,
1033 1917 1169 1993 polorum
1190 1916 1338 1993 possidens

316 1996 412 2054 audia.

216 2016 371 2154 Omaggna,
388 2076 413 2135 Ο
428 2077 512 2149 01111,
529 2077 555 2135 Ο
568 2077 701 2154 pulchra,
716 2077 874 2136 clementia
887 2076 1000 2135 Christi
1013 2076 1143 2150 luciflua,
1159 2078 1186 2136 Ο
1201 2078 1288 2137 alma

214 2157 295 2216 Laus
321 2158 387 2232 tibi,
411 2159 570 2235 honorque,
596 2179 630 2218 11
657 2159 763 2232 virtus,
791 2158 845 2235 qui
878 2165 1011 2216 nostram
1044 2159 1202 2236 antiquam
1235 2159 1340 2218 levasti

296 2258 447 2298 sarcmam.

106 2368 108 2373 .
214 2319 310 2377 Roseo
324 2340 427 2378 cruore
440 2320 524 2397 Agni
536 2319 740 2397 benignissimi
753 2325 854 2396 empta
867 2320 972 2377 florida
984 2321 1075 2378 micat
1089 2321 1151 2378 haec
1166 2321 1238 2379 aula
1251 2343 1259 2381 τ

214 2400 338 2459 Potenti
350 2402 464 2459 virtute
476 2409 578 2460 nostra
591 2402 644 2478 qui
656 2402 732 2459 lavit
744 2401 883 2473 facinora,
899 2402 1033 2459 tribuens
1046 2401 1125 2459 dona
1137 2402 1261 2480 fulgida

216 2481 344 2558 Stupens
358 2483 444 2540 valde
456 2483 490 2539 in
503 2489 612 2540 memet
625 2482 755 2539 admiror
768 2482 918 2556 hodierna,

213 2562 310 2619 Tanta
322 2563 451 2640 indignis
464 2564 592 2639 pandere
606 2563 693 2620 modo
706 2568 896 2621 sacramenta.

203 2643 315 2719 ¹Stirpe
329 2644 469 2701 Davitica
482 2651 573 2717 ortus,
585 2646 621 2702 de
635 2645 717 2701 tribu
730 2643 752 2703 J
752 2644 812 2702 uda
824 2644 885 2701 Leo
897 2648 1003 2720 potens
1016 2644 1175 2702 surrexisti
1188 2645 1223 2703 in
1235 2645 1377 2722 gloria=

295 2725 401 2801 Agnus
415 2725 496 2782 visus
510 2746 540 2783 es
553 2726 586 2782 in
602 2731 689 2783 terra.

213 2805 364 2862 Mundans
378 2805 449 2862 olim
469 2824 547 2879 arva,
563 2826 654 2882 regna
671 2806 748 2882 petis
766 2825 879 2882 supera,
899 2806 990 2882 justis
1012 2805 1138 2864 reddens
1160 2806 1377 2884 [1111111111-

294 2885 399 2943 saecula
412 2887 568 2962 dignanter
581 2887 708 2946 ovantia.

213 2965 279 3038 Dic,
295 2966 385 3042 impie
400 2967 518 3040 Zabule,
534 2968 605 3045 quid
618 2968 699 3026 valet
714 2987 794 3026 nunc
814 2968 895 3025 fraus
914 2972 976 3040 tua,
998 2967 1092 3044 igneis
1112 2988 1211 3028 nexus
1230 2969 1302 3028 loris
1319 2988 1377 3027 a

295 3046 407 3104 Christi
421 3049 573 3124 potential

213 3127 328 3200 Tribus
340 3128 457 3206 linguae,
472 3129 667 3187 admiramini.
712 3129 785 3199 Quis
798 3130 914 3187 audivit
927 3128 1000 3186 talia
1013 3129 1176 3188 miracula!

212 3208 261 3266 Ut
274 3228 352 3266 mors
366 3216 491 3267 mortem
504 3211 546 3268 sic
559 3216 719 3287 superaret,
733 3211 778 3268 rei
791 3212 976 3287 perciperent
989 3211 1081 3267 talem
1094 3212 1234 3288 gratiam.

211 3289 233 3346 J
235 3290 318 3348 udaea
331 3290 491 3363 incredula,
507 3312 560 3349 cur
572 3311 672 3349 manes
685 3291 781 3349 adhuc
794 3291 1012 3349 inverecundal

211 3371 349 3447 Perspice
382 3371 579 3446 Christicolas,
608 3373 737 3449 qualiter
768 3373 832 3430 laeti
864 3378 976 3431 canunt
1002 3372 1116 3448 inclyta
1143 3372 1332 3453 Redemptcii

292 3471 428 3510 carmma

210 3531 299 3610 Ergo,
310 3533 358 3608 pie
368 3533 435 3591 Rex
448 3532 575 3606 Christe,
584 3534 669 3592 nobis
679 3535 752 3593 dans
765 3535 941 3612 precamina,
956 3534 1038 3592 solve
1047 3553 1197 3612 nexorum
1204 3535 1331 3597 vincula:

292 3614 452 3672 electorum
465 3615 584 3691 agmina
995 3642 997 3647 ·

210 3694 271 3752 Fac
283 3701 382 3753 tecum
396 3715 546 3772 resurgere
559 3696 596 3753 ad
609 3697 727 3754 beatam
740 3696 871 3777 gloriam,
889 3696 978 3774 digna
991 3696 1156 3775 rependens
1169 3696 1286 3759 11111111.

210 3774 360 3853 Paraclyti
375 3775 477 3834 Sancti
490 3778 720 3836 consolationem
733 3778 813 3854 piam

210 3855 422 3932 Expectamus,
434 3858 595 3916 secundum
608 3859 830 3935 promissionem
843 3863 936 3931 tuam,

210 3935 283 3994 Post
297 3943 363 3995 1011
376 3939 565 3996 Ascensionis
579 3945 680 3997 sancta
697 3940 857 4012 sollemnia,

212 4017 278 4085 Qua
292 4038 322 4075 es
336 4039 483 4095 regressus
496 4021 534 4077 ad
548 4019 632 4077 caelos
645 4021 724 4080 nube
738 4027 833 4079 tectus
848 4020 934 4094 clara,

210 4097 331 4156 Pollcns
344 4100 431 4157 laude
444 4107 561 4159 aeterna

190 4201 404 4277 Euangeliam:
423 4205 591 4265 Secundam
603 4206 743 4266 Murcum
756 4206 829 4285 (ccci.
845 4198 892 4266 1-7
893 4206 917 4285 )

189 4284 230 4340 In
256 4285 309 4341 illo
335 4291 475 4362 tempore,
501 4288 600 4346 Maria
624 4289 809 4364 Magdalene,
837 4293 868 4345 et
893 4286 991 4346 Maria
1014 4288 1130 4360 Jacobi,
1160 4294 1192 4349 et
1220 4289 1343 4355 Salome

130 4371 266 4457 emerunt
286 4373 418 4424 aromata
437 4389 526 4445 usqae
546 4372 587 4429 act
608 4371 641 4429 in
664 4370 835 4428 Galilaeam:
856 4368 900 4426 ibi
914 4388 981 4426 eum
994 4369 1143 4444 videbitis,
1158 4371 1240 4433 sicut
1262 4373 1344 4435 dixit

130 4446 220 4508 νοω.
646 4529 661 4555 '
677 4529 728 4578 0111
739 4528 815 4580 MSS.
