2926 4996
428 336 478 400 Ia
498 336 591 402 Festo
613 336 724 401 coacti
745 335 919 402 Edwuadi.
1241 343 1281 405 33

141 501 335 576 offertorium.

138 584 236 661 Reges
260 583 379 641 Tharais
399 589 430 641 et
452 583 557 642 insulae
578 604 701 642 munera
720 585 865 643 offerent:
889 604 971 662 reges
992 586 1130 643 Arabum
1153 593 1184 644 et
1207 585 1283 644 Saba

74 665 155 722 dona
178 665 345 722 adducent:
377 670 407 721 et
430 665 596 722 adorabunt
618 685 687 723 eum
709 685 809 723 omnes
831 685 912 742 reges
936 672 1031 738 terrae,
1055 686 1156 724 omnes
1180 674 1283 744 gentes

77 745 210 803 servient
223 746 258 803 ei.

139 825 261 883 Secreto.

139 907 276 965 Ecclesiae
300 912 369 979 tuae,
391 926 567 984 quaesumus
589 907 725 976 Domine,
748 908 825 965 dona
844 909 990 984 propitius
1011 909 1146 966 intuere:
1176 910 1283 985 quibus

73 989 138 1064 jam
159 1007 221 1045 non
240 1008 347 1045 aurum
366 988 436 1045 thus
453 995 483 1046 et
503 989 624 1064 myrrha
637 989 794 1065 profertur,
812 990 863 1046 sed
883 990 962 1065 quod
983 990 1091 1047 eisdem
1112 992 1283 1048 muneribus

77 1068 252 1140 declaratur,
268 1069 447 1141 immolatur,
464 1075 495 1127 et
507 1070 643 1142 sumitur,
657 1069 679 1126 J
681 1088 746 1127 esus
761 1069 898 1127 Christus
913 1070 1060 1127 Dominus
1073 1077 1180 1128 noster.
1225 1072 1284 1141 Qui

78 1155 178 1207 tecum
192 1150 275 1208 vivit.

141 1229 283 1304 Praefatio
312 1231 389 1300 Quia
417 1251 484 1287 cum
512 1231 695 1307 Unigenitus
727 1231 854 1306 quotidie
884 1232 995 1289 dicitur
1019 1253 1074 1307 per
1102 1232 1230 1303 Octavus,
1260 1242 1286 1289 et

79 1310 346 1370 communicantes.
399 1310 543 1370 Similiter
566 1312 653 1369 etium
671 1312 698 1369 ai
721 1314 756 1370 de
772 1311 889 1370 Sanctia
906 1313 1031 1385 dmotur,
1049 1312 1107 1370 aiva
1121 1315 1155 1371 dc
1169 1333 1285 1371 comme-

79 1392 301 1450 adorationibus.

144 1472 327 1531 Communia.

141 1552 282 1611 Vidimus
296 1554 413 1610 stellam
426 1554 489 1629 ejus
502 1553 535 1610 in
549 1554 680 1611 oriente:
703 1560 734 1612 et
747 1555 883 1612 venimus
897 1574 964 1612 cum
978 1556 1150 1614 muneribus
1164 1556 1284 1613 adorare

83 1634 256 1691 Dominum.
814 1645 817 1653 “

143 1715 384 1772 Poateommuaio

142 1795 265 1864 Praesta,
280 1815 455 1871 quaesumus,
472 1796 656 1872 omnipotens
677 1796 778 1869 Deus3
798 1803 833 1854 ut
854 1797 932 1872 quod
953 1797 1089 1854 sollemni
1106 1798 1286 1855 celebramus

80 1876 186 1949 officio,
201 1877 363 1954 purificatae
379 1876 485 1933 mentia
500 1877 697 1953 intelligentia
710 1897 930 1953 consequamur.
974 1879 1033 1935 Per
1049 1879 1219 1936 Dominum.

337 2060 447 2118 Sunorr
469 2060 621 2116 Enwnnnr
643 2060 741 2118 Rners
762 2078 800 2117 nr
822 2061 1035 2119 Oonrrssoms

144 2202 193 2259 Ad
207 2202 339 2260 Missam.
386 2200 525 2276 Officium.
570 2201 611 2259 Os
627 2202 704 2278 justi
716 2202 916 2259 meditabitur.

146 2282 255 2342 Oratio.
333 2282 528 2358 Omnipotens
554 2283 731 2358 sempiterne
762 2283 851 2354 Deua,
878 2285 930 2358 qui
956 2284 1157 2341 beatissimum
1191 2304 1289 2361 regem

82 2364 274 2436 Edwardum,
298 2364 501 2421 Confessorem
521 2369 616 2434 tuum,
632 2364 807 2420 aeternitatis
829 2364 922 2439 gloria
945 2365 1104 2422 ethonore
1125 2367 1288 2422 coronasti:
1358 2360 1360 2365 ’

81 2446 128 2504 fac
143 2465 197 2502 nos
212 2464 379 2521 quaesumus
393 2445 436 2501 ita
450 2464 518 2501 eum
531 2446 666 2502 venerari
679 2445 712 2501 in
726 2445 820 2516 terris,
834 2450 869 2501 ut
883 2464 950 2501 cum
964 2465 998 2502 eo
1012 2466 1133 2522 regnare
1146 2446 1291 2522 possimus

82 2526 218 2585 incaelis.
262 2526 321 2582 Per
338 2525 509 2583 Dominum

144 2606 294 2664 Memorio
306 2607 340 2663 dc
353 2605 527 2681 Epiphania
540 2615 565 2664 et
579 2607 613 2664 de
627 2607 765 2664 Domina.

144 2687 287 2763 Epistola.
332 2686 466 2754 Dilectus
480 2707 497 2743 a
513 2687 583 2744 De0.
1008 2758 1009 2761 Ἴ

147 2767 282 2826 Gradaie.
326 2767 463 2839 Domine,
478 2769 654 2843 praevenisti.
696 2768 846 2843 Alleluya.
895 2769 925 2826 Γ.
949 2769 1057 2826 Inveni
1072 2769 1178 2826 David,

144 2847 309 2924 Soqawaatia.
352 2848 514 2923 Organicia
529 2858 563 2905 aa
578 2849 612 2905 in
626 2847 807 2907 Communi*

144 2929 347 3004 Evanqciium.
391 2929 488 2986 Nemo
502 2929 660 2986 lucernam.

148 3009 340 3085 Offirtorium.
384 3010 571 3067 Desiderium
585 3011 697 3067 animae.

145 3090 267 3150 Secreta.
311 3091 452 3148 Sacrificii
473 3091 624 3167 praesentis
646 3091 832 3163 oblationem,
857 3112 1031 3169 quaesumus,
1055 3092 1191 3164 Domine,
1214 3091 1293 3147 beati
1370 3087 1373 3093 ’

82 3172 162 3250 regis
184 3171 326 3230 Edwardi
349 3171 519 3229 confessoris
543 3172 589 3228 tui
609 3172 658 3247 pia
680 3173 863 3230 commendet
886 3174 1063 3246 intercessio,
1087 3182 1123 3231 ut
1149 3174 1182 3230 in
1209 3173 1293 3247 cujus

82 3254 275 3310 veneratione
289 3253 456 3329 suscipitur,
472 3252 535 3328 ipso
548 3253 765 3310 interveniente
783 3254 820 3310 ad
840 3254 947 3330 gaudia
961 3261 1070 3312 aeterna
1083 3253 1190 3330 suscipi
1203 3272 1293 3310 mere-

85 3354 180 3392 amur.
223 3334 283 3390 Per
297 3334 469 3390 Dominum.

149 3413 329 3473 Communia.
373 3414 483 3471 Fidelis
499 3434 607 3472 servus.

148 3495 388 3553 Poatcoaamunio.
432 3494 545 3571 Pignus
561 3502 708 3572 perpetuae
723 3496 826 3554 salutis
840 3503 988 3554 sumentes
1002 3497 1187 3555 clementiam
1200 3502 1292 3565 tuam,

84 3575 274 3652 omnipotens
298 3576 389 3648 Deus,
413 3576 611 3651 imploramus,
633 3582 669 3632 ut
693 3578 779 3634 beato
801 3598 868 3654 rego
890 3579 1036 3636 Edwardo
1060 3578 1221 3635 confessore
1242 3582 1295 3633 tuo

84 3657 306 3715 interveniente
319 3657 441 3714 caelestis
450 3657 520 3713 vitae
534 3657 655 3732 praemia
668 3659 807 3735 consequi
820 3678 991 3716 mereamur.
1041 3658 1100 3715 Per
1121 3658 1293 3715 Dominum.

366 3837 527 3897 Dorssmou
548 3854 642 3922 muna
667 3838 807 3897 OCTAVAS
828 3840 1019 3896 EPIPHANIAE.

152 3980 291 4055 Officium.
336 3980 411 4037 Ecce
433 3980 563 4052 advenit,
587 3989 613 4037 et
635 3989 725 4037 cetera
747 3990 781 4037 at
805 3981 839 4037 iu
861 3981 914 4049 die,
946 3988 1054 4055 pacator
1088 3979 1249 4054 Epistulam
1276 3990 1301 4037 ct

88 4061 286 4136 damaetam
306 4081 371 4135 quoe
391 4071 563 4135 aequantur.

153 4142 203 4200 Aa
216 4141 364 4200 Roaaonoa
380 4142 441 4219 (iii.
460 4142 574 4219 19-26).

154 4223 294 4281 Fratres:
319 4223 435 4280 Scimus
455 4224 594 4298 quoniam
614 4242 796 4300 quaecunque
815 4223 864 4280 lex
886 4243 977 4298 araque
997 4224 1037 4280 ad
1058 4223 1110 4298 qui
1127 4228 1172 4280 est
1192 4243 1230 4279 ex
1249 4223 1305 4280 fide

92 4303 114 4360 J
116 4323 169 4360 esu
184 4303 297 4361 Christi
311 4303 436 4360 Domini
449 4304 552 4360 nostri.

154 4432 167 4458 ⁸
182 4431 234 4481 MS.
248 4431 278 4476 D.
290 4432 368 4481 omits.
416 4431 470 4476 MS.
486 4431 618 4478 C.-Pater
629 4432 736 4478 Verbum
751 4433 909 4490 incarnatum,
924 4431 946 4477 in
961 4430 1194 4490 Communi—where
1206 4433 1225 4477 it
1237 4433 1308 4490 gives
1326 4488 1328 4491 ι

96 4504 128 4534 no
140 4490 201 4535 auch
211 4490 339 4549 Sequanos.
619 4507 621 4509 ·

531 4569 552 4608 D
