2926 4996
378 385 402 448 I
400 407 425 448 c
446 383 579 468 Vipiliu
593 383 800 468 Epiphania
814 384 968 449 Domini.

456 576 496 633 Iu
517 576 642 633 00va
666 574 890 633 Inuocaumurr.

135 701 275 776 Officium.
320 698 370 755 Ex
385 717 435 756 ore
448 698 616 757 infantium.

134 780 257 859 [Oratio.
302 780 384 838 Deus
404 780 488 855 cujus
508 778 659 851 hodierna,
682 799 747 836 cum
768 779 908 836 anemoria
925 780 959 836 de
977 780 1116 852 Domino,
1134 791 1160 838 ct
1179 790 1274 839 cetera.

71 860 274 1019 -llsslffffl
319 941 394 998 Vidi
410 960 505 1017 supra.

135 1023 269 1083 Gradole.
311 1023 423 1079 Anima
437 1027 545 1078 nostra.
589 1020 738 1096 Alleluya.
788 1021 880 1080 ure
893 1027 1064 1098 martyrum.

134 1105 176 1163 Io
187 1109 252 1180 fiac
266 1104 373 1174 Missos,
389 1104 447 1174 Ite,
463 1102 551 1159 missa
565 1108 618 1173 est,
633 1112 659 1159 et
673 1111 763 1159 cetero
776 1103 850 1159 sicut
864 1103 898 1159 io
911 1103 964 1160 dio.

408 1296 448 1352 Iu
468 1295 598 1354 mem
618 1297 803 1353 Errrnamm
825 1297 953 1356 Dorum.

135 1428 185 1484 Ad
198 1427 330 1483 Missam
377 1425 515 1499 Officium.
560 1426 628 1482 Lux
641 1425 773 1502 fulgebit.

135 1509 171 1565 Si
184 1509 223 1564 sit
236 1506 402 1580 Domitian,
418 1505 521 1563 Gloria
535 1507 567 1562 in
584 1507 713 1564 excelsis.

138 1589 246 1647 Oratio.

136 1668 235 1728 Corda
265 1675 367 1725 nostra
398 1686 574 1743 quaesumus,
608 1668 746 1740 Domine,
774 1675 907 1726 venturae
941 1669 1112 1726 festivitatis
1146 1669 1283 1746 splendor

74 1754 216 1822 illustret,
232 1769 290 1825 quo
308 1748 412 1805 mundi
430 1749 518 1823 hujus
535 1749 665 1805 tenebris
683 1769 781 1807 carere
799 1751 956 1822 valeamus,
973 1758 1003 1807 ct
1021 1750 1225 1826 perveniamus
1245 1751 1283 1807 ad

73 1833 204 1911 patriam
219 1831 362 1887 claritatis
377 1835 500 1886 aeternae.
544 1829 603 1886 Per
616 1829 786 1889 Dominum.

136 1911 233 1969 Nullo
239 1914 293 1985 fiet
306 1910 451 1968 aremorica

137 1993 253 2068 Epistol
273 2037 278 2048 .
323 1991 475 2067 Apparuit
487 1991 660 2067 benignitas.

139 2073 273 2130 Grodctc,
318 2072 496 2129 Benedictus
511 2073 563 2147 qui
576 2073 667 2129 venit.
707 2073 855 2148 Alleluya.
906 2073 933 2130 V.
957 2072 1104 2129 Dominus
1117 2072 1261 2149 regnavit.

138 2154 174 2212 Si
187 2154 225 2210 ait
239 2154 404 2224 Dominico,
421 2152 585 2227 Sequentia,
602 2152 811 2226 Laetabundus,
826 2163 971 2228 utsupra.

134 2235 304 2293 strandum
318 2233 493 2292 tlarrtaeum
507 2232 555 2308 (ii.
576 2234 691 2311 19-23).

138 2317 179 2372 In
205 2316 258 2371 illo
280 2323 420 2389 tempore,
442 2314 588 2371 Defuncto
612 2314 743 2386 Herode,
765 2335 830 2372 ecce
854 2314 975 2391 angelus
999 2314 1123 2371 Domini
1146 2314 1284 2391 apparuit

75 2418 169 2472 arsque
183 2397 224 2453 od
238 2397 386 2465 Quoniam
400 2394 558 2452 Nazaraeus
572 2395 734 2452 vocabitur.

138 2477 175 2536 Si
187 2477 227 2534 cit
240 2477 405 2546 Dominico,
422 2475 523 2532 Crede.

141 2558 334 2632 offertorium.
378 2557 459 2614 Deus
473 2557 552 2614 enim
565 2556 703 2615 firmavit.

139 2639 260 2697 Secreto.

140 2720 260 2791 Tribus,
276 2737 451 2794 quaesumus,
476 2717 613 2790 Domine,
636 2725 671 2776 ut
693 2739 760 2776 eum
782 2719 976 2794 praesentibus
997 2718 1182 2777 immolemus
1203 2719 1289 2776 sacri-

76 2803 154 2860 ficiis
168 2807 199 2858 et
213 2820 370 2872 sumamus,
386 2819 474 2875 quem
488 2809 620 2856 venturae
641 2800 837 2857 solemnitatis
855 2800 904 2876 pia
917 2819 1040 2858 munera
1055 2801 1286 2876 praeloquuntur,

77 2883 246 2941 Dominum
259 2888 394 2937 nostrum
408 2879 430 2937 J
432 2900 513 2937 esum
529 2880 681 2937 Christum
696 2881 806 2937 Filium
821 2887 915 2940 tuum.

141 2961 304 3037 *Praefatio
325 2961 491 3019 coarmata.
535 2960 593 3019 Sed
616 2963 642 3018 si
666 2963 704 3019 sit
728 2961 913 3032 Domitium*
938 2961 1088 3036 Procfatio.
1133 2961 1210 3031 Quia
1237 2981 1289 3038 per

78 3043 236 3102 incarnati

143 3123 324 3184 Continuata
369 3123 452 3180 Tolle
465 3142 599 3198 puerum.

142 3204 385 3264 Poatcommnuio.

142 3286 296 3357 Illumina,
313 3303 488 3360 quaesumus,
508 3284 644 3357 Domine,
667 3285 809 3361 populum
831 3291 936 3356 tuum,
961 3291 991 3341 et
1013 3284 1166 3361 splendore
1187 3285 1288 3360 gratiae

78 3375 141 3425 tuae
156 3387 206 3424 cor
222 3367 286 3442 ejus
303 3385 416 3442 semper
433 3367 565 3438 accende,
581 3372 617 3423 ut
634 3366 788 3423 salvatoris
802 3366 906 3422 mundi
919 3365 1004 3423 stella
1017 3365 1180 3423 famulante
1197 3365 1290 3420 mani-

78 3451 190 3506 festata
216 3447 360 3504 nativitas
380 3446 529 3503 mentibus
557 3466 662 3504 eorum
681 3466 796 3523 semper
822 3447 972 3504 reveletur
998 3452 1029 3504 ot
1056 3452 1173 3504 crescat.
1232 3444 1291 3502 Per

79 3529 218 3586 eundem.

522 3640 561 3696 In
582 3657 636 3696 nm
657 3640 851 3698 Errrrmmm.

143 3755 194 3813 Ad
204 3755 339 3812 Missam.
385 3754 524 3828 Officium.

144 3837 221 3894 Ecce
234 3835 357 3893 advenit
371 3835 538 3893 dominator
552 3835 712 3893 Dominus:
734 3841 764 3893 et
778 3854 901 3912 regnum
915 3834 948 3890 in
961 3853 1052 3891 manu
1066 3835 1138 3910 ejus,
1154 3839 1184 3892 et
1200 3841 1293 3911 potes-

80 3926 139 3990 tas,
157 3923 188 3975 ct
200 3916 368 3994 imperium.

91 4055 94 4060 ,
145 3997 309 4055 Paulinus(

145 4079 230 4136 Deus
239 4077 387 4154 judicium
402 4083 489 4134 tuum
503 4078 566 4156 regi
580 4078 618 4136 da
633 4099 639 4135 :
663 4084 694 4135 et
711 4077 861 4154 justitiam
874 4083 958 4134 tuam
970 4077 1032 4134 filio
1046 4077 1129 4155 regis.

150 4158 260 4216 Oratio.

149 4240 239 4312 Dens,
254 4239 308 4315 qui
326 4239 470 4297 hodierna
483 4239 530 4298 die
545 4239 744 4315 Unigenitum
758 4245 844 4296 tuum
863 4239 1001 4315 gentibus
1017 4240 1103 4297 stella
1123 4240 1196 4297 duce
1215 4259 1294 4297 rere-

87 4320 179 4379 lasti:
210 4320 334 4378 concede
358 4321 513 4398 propitius,
529 4327 564 4378 ut
588 4321 640 4396 qui
659 4322 723 4396 jam
744 4327 774 4377 te
794 4340 832 4376 ex
852 4321 909 4377 fide
930 4322 1129 4397 cognovimus,
1144 4339 1236 4396 usque
1257 4321 1294 4378 ad

85 4401 344 4478 contemplandam
358 4402 485 4478 speciem
498 4405 558 4460 tuae
573 4400 756 4459 celsitudinis
769 4401 972 4480 perducamur.
995 4470 997 4477 y
1016 4402 1074 4460 Per
1088 4401 1220 4460 eundem.

549 4534 563 4562 '³
579 4535 584 4576 1
684 4531 714 4580 ts
726 4530 804 4579 fimi
813 4531 845 4582 D.
