2926 4996
257 292 359 356 Ferte
382 292 423 357 ei.
450 293 615 373 Ortuttrecr
639 294 839 378 Terttporetm
860 293 989 358 Mensis
1011 294 1216 379 Septembris.
1274 299 1336 360 239

431 510 530 566 Fama
551 510 653 568 Snxra
675 510 846 594 Quartuou
867 527 1040 571 rnnronun.

196 624 335 698 Officium.

195 705 328 762 Laetetur
348 725 398 762 cor
416 705 613 781 quaerentium
628 705 809 764 Dominum:
832 706 956 782 quaerite
970 706 1142 781 Dominum,
1158 714 1188 764 et
1202 708 1337 765 confirm·

132 787 244 858 amini,
266 787 390 862 quaerite
403 786 508 843 faciem
523 787 586 861 ejus
600 806 722 862 semper.

195 868 340 925 Petimus.

195 948 387 1006 Confitemini
395 948 534 1020 Domino,
548 954 578 1005 et
588 948 724 1006 invocate
735 968 841 1006 nomen
856 950 933 1024 ejus:
953 950 1130 1007 annuntiate
1145 951 1223 1008 inter
1236 957 1338 1026 gentes

133 1050 222 1106 opera
236 1031 307 1105 ejus.

196 1110 303 1168 Oratio

195 1193 319 1263 Praesta,
335 1211 511 1267 quaesumus,
526 1192 713 1267 omnipotens
727 1192 818 1261 Deus,
835 1197 870 1248 ut
884 1192 1103 1249 observationes
1122 1213 1217 1250 sacras
1238 1214 1337 1252 annua

131 1275 288 1330 devotione
303 1274 472 1343 recolentes,
488 1279 518 1329 et
532 1292 651 1349 corpore
664 1273 723 1329 tibi
737 1273 903 1348 placeamus
917 1278 948 1330 et
961 1280 1068 1331 mente.
1099 1274 1158 1331 Per
1172 1275 1336 1332 Dominum

133 1364 269 1412 nostrum
284 1355 305 1411 J
307 1374 389 1411 esum
404 1354 566 1411 Christum.

194 1436 289 1493 Lectio
306 1435 372 1494 Osee
385 1435 536 1510 Propltetce
549 1435 623 1512 (xiv.
641 1433 737 1511 2-10).

194 1517 270 1573 Haec
290 1517 363 1574 dicit
383 1517 531 1574 Dominus
540 1535 549 1588 3
571 1515 759 1587 Convertere,
774 1515 878 1585 Israel,
900 1517 938 1573 ad
952 1517 1116 1573 Dominum
1130 1517 1235 1575 Deum·
1250 1525 1336 1576 tuum

132 1618 223 1673 resque
237 1599 277 1654 ad
291 1599 362 1672 quia
375 1605 461 1655 rectae
475 1597 531 1654 viee
547 1596 680 1670 Domini,
695 1603 725 1654 et
734 1597 812 1671 justi
826 1598 1023 1654 ambulabunt
1036 1599 1069 1654 in
1083 1599 1133 1655 eis.

195 1679 330 1737 Oredel.

194 1760 382 1829 Convertere,
399 1760 535 1830 Domine,
551 1757 790 1834 aliquantulum:
811 1764 841 1815 et
855 1758 1010 1834 deprecare
1024 1779 1112 1835 super
1126 1781 1226 1819 servos
1239 1767 1314 1819 tuce.

139 1843 166 1899 V.
194 1842 332 1911 Domine,
348 1841 495 1916 refugium
510 1840 606 1897 factus
620 1860 651 1897 es
665 1839 768 1897 nobis:
789 1859 807 1896 a
819 1840 1009 1915 generatione
1023 1846 1053 1897 et
1067 1842 1214 1918 progenie.

194 1922 361 1981 Secundam
375 1922 488 1979 Lacum
502 1921 569 1996 (eti.
587 1920 701 1996 36-50).

194 2005 233 2061 In
254 2004 306 2060 illo
327 2011 467 2079 tempore,
483 2002 619 2078 Rogabat
633 2002 655 2059 J
657 2021 739 2059 esum
760 2001 881 2076 quidam
901 2001 1069 2058 Pharisaeus
1089 2008 1125 2059 ut
1145 2004 1337 2062 manducaret

127 2106 200 2143 ‚oum
214 2086 266 2142 illo
286 2105 376 2159 resque
390 2086 430 2142 ort
444 2084 534 2142 Dixit
547 2089 648 2141 autem
662 2083 700 2141 ad
713 2083 868 2141 mulierem
876 2101 885 2154 3
906 2083 995 2140 Fides
1008 2088 1062 2140 tua
1075 2089 1105 2140 te
1120 2083 1234 2141 salvum
1248 2085 1336 2143 fecit:

130 2168 207 2224 vade
221 2167 254 2223 in
268 2186 346 2242 pace.

195 2248 389 2321 Offertore'em.
771 2309 779 2322 ,

193 2330 331 2399 Benedio,
346 2328 446 2384 anima
459 2347 533 2399 mea,
549 2327 696 2384 Domino:
716 2332 747 2382 et
767 2325 830 2383 noli
850 2325 985 2383 oblivisci
1005 2344 1106 2384 omnes
1126 2327 1336 2386 retributiones

132 2413 214 2487 ejus:
236 2417 266 2467 et
279 2409 473 2467 renovabitur
487 2409 564 2465 sicut
578 2408 684 2484 aquilae
694 2409 840 2483 juventus
854 2412 915 2464 tua.

193 2491 313 2549 Secreta.

193 2576 325 2649 Accepta
346 2572 407 2628 sint
427 2571 493 2642 tibi,
513 2569 651 2640 Domine,
673 2588 848 2644 quaesumus,
869 2568 964 2625 nostri
984 2569 1062 2625 dona
1078 2570 1196 2645 jejunii,
1219 2590 1285 2647 quae
1306 2578 1336 2630 et

126 2655 279 2730 ,expiando
299 2673 353 2710 nos
373 2659 426 2708 tua
446 2652 544 2727 gratia
564 2651 667 2727 dignos
684 2649 819 2720 efficiant,
834 2655 865 2706 et
878 2649 915 2707 ad
926 2650 1104 2727 sempiterna
1117 2651 1259 2727 promissa
1272 2673 1336 2730 per-

131 2737 250 2793 ducant.
293 2734 352 2790 Per
366 2733 538 2790 Dominum.

195 2815 376 2875 Oorrtmureic.

194 2897 320 2953 Aufer-a
339 2915 386 2952 me
406 2893 597 2971 opprobrium
618 2899 648 2949 et
669 2898 889 2968 contemptum:
912 2891 981 2968 quia
1002 2894 1142 2952 mandata
1162 2900 1216 2953 tua
1236 2897 1337 2973 exqui-

131 2979 198 3050 sivi,
214 2977 361 3034 Domine:
383 2995 453 3032 nam
467 2980 498 3032 et
511 2973 683 3032 testimonia
697 2979 751 3031 tua
763 2973 919 3030 meditatio
934 2993 999 3031 mea
1013 2981 1064 3033 est.

192 3057 434 3116 Postcommemio.

193 3141 375 3210 Quaesumus,
401 3137 588 3213 omnipotens
612 3136 704 3207 DeuS,
729 3141 764 3192 ut
792 3136 827 3192 de
854 3134 1000 3211 perceptis
1026 3138 1199 3195 muneribus
1226 3139 1336 3216 gratias

124 3222 312 3290 exhibentes,
328 3219 470 3276 beneficia
483 3218 601 3295 potiora
614 3235 772 3274 sumamus.
817 3216 876 3273 Per
889 3216 1061 3274 Dominum.

466 3424 603 3482 Sannnro
626 3423 797 3492 Quattuor
817 3421 999 3480 Taurorum.

194 3541 334 3616 Officium.

190 3624 303 3680 Venite
326 3621 481 3679 adoremus
501 3619 610 3691 Deum,
632 3621 663 3676 et
683 3615 870 3693 procidamus
890 3621 960 3672 ante
981 3615 1163 3674 Dominum:
1189 3617 1335 3694 ploremus

121 3712 198 3765 ante
213 3724 282 3762 eum
296 3704 348 3779 qui
361 3702 431 3759 fecit
445 3720 518 3758 nos:
539 3699 610 3777 quia
623 3698 686 3776 ipse
700 3704 745 3756 est
760 3696 907 3754 Dominus
922 3697 1005 3755 Deus
1018 3703 1127 3754 noster.

189 3785 510 3938 llicirliltleqllexsultemus
523 3861 671 3918 Domino:
688 3859 852 3935 jubilemus
866 3859 931 3916 Deo
945 3858 1070 3915 salutari
1082 3866 1192 3918 nostre.

191 3949 296 4007 Omnes
324 3945 476 4004 Oretimtes
498 3951 642 4017 sequentes
668 3941 797 3998 dicende
823 3949 892 3998 aaut
915 3939 978 3997 siae
999 3938 1147 3996 Dominus
1172 3941 1333 4016 vobiscum,

127 4039 242 4106 excepta
257 4028 393 4086 Oratione
407 4026 490 4083 Deus
503 4024 556 4100 qui
569 4025 666 4080 tribus
679 4021 785 4098 pueris,
797 4020 948 4096 premisso
963 4029 1079 4078 teretem
1094 4021 1226 4080 Oremus.

193 4110 305 4169 Oratio.

190 4192 387 4267 Omnipotens
407 4186 584 4263 sempiterne
608 4185 699 4255 Deus,
723 4183 776 4259 qui
802 4202 855 4258 per
882 4181 1095 4240 continentiam
1123 4182 1281 4242 salutarem
1305 4192 1336 4245 et

129 4273 299 4350 corporibus
313 4270 439 4329 mederis
450 4276 480 4326 et
493 4268 661 4338 mentibus,
681 4265 867 4340 majestatem
880 4270 963 4320 tuam
984 4263 1156 4339 suppliciter
1170 4284 1335 4340 exoramus,

128 4363 163 4412 ut
187 4355 238 4431 pia
257 4353 461 4429 jejunantium
482 4348 686 4425 deprecatione
706 4347 848 4422 placatim,
871 4351 900 4401 et
922 4345 1078 4420 praesentia
1098 4345 1184 4404 nobis
1204 4348 1336 4408 subsidia

128 4439 259 4518 praebeas
273 4441 304 4493 et
317 4435 427 4490 futura.
470 4432 529 4489 Per
542 4429 706 4488 Dominum
719 4434 855 4484 nostrum
868 4425 890 4484 J
892 4445 973 4484 esum
988 4425 1148 4487 Christum.
