2926 4996
174 378 223 442 xii
700 374 845 459 Pwrefuca.

177 545 328 601 redactum
341 551 386 601 est
399 543 453 601 hoc
466 562 593 620 praesens
607 542 728 599 Missale
743 542 780 598 ad
793 561 880 597 usum
894 541 1017 616 insignis
1031 541 1168 598 Ecclesiae
1183 542 1376 598 Eboraceusis

178 627 317 700 impensis
340 625 457 682 honesti
476 625 535 680 viri
560 623 699 698 Magistri
724 622 807 679 Petri
828 622 970 693 Violette‚
992 622 1173 697 impressoris
1194 622 1375 698 Rothomagi

173 706 394 763 commorantis.

653 869 718 925 ED.
744 868 899 924 2.-1516.

242 951 322 1011 ricla.

239 1032 360 1090 Missale
384 1032 421 1088 ad
445 1051 532 1088 usum
556 1030 750 1087 celeberrimae
772 1030 909 1086 Ecclesiae
930 1029 1122 1086 Eboracensis
1143 1030 1264 1104 optimis
1281 1049 1375 1086 carac-

177 1113 292 1171 teribus
319 1119 450 1170 recenter
480 1113 655 1186 impressum
686 1131 755 1167 cura
789 1110 926 1186 pervigili
959 1111 1144 1184 maximaque
1171 1110 1376 1166 lucubratione

180 1195 350 1270 mendisque
364 1194 498 1269 pluribus
516 1192 703 1248 emendatum
717 1192 884 1266 sumptibus
898 1197 928 1247 et
942 1192 1077 1266 expensis
1090 1191 1112 1248 J
1113 1191 1237 1246 ohannis
1252 1190 1374 1261 Gachet,

181 1275 350 1331 mercatoris
370 1275 492 1343 librarii,
510 1274 584 1330 bene
603 1272 702 1329 meriti
722 1274 812 1347 justa
830 1271 982 1346 praefatam
996 1272 1145 1328 ecclesiam
1160 1271 1374 1327 commorantis.

180 1354 269 1411 Anno
291 1355 414 1411 Domini
428 1355 540 1411 decimo
559 1359 642 1410 sexto
665 1373 753 1428 supra
767 1353 955 1408 millesimum
974 1359 1004 1408 et
1026 1353 1306 1428 quingentesimum,
1329 1351 1376 1408 die

181 1454 251 1492 vero
265 1436 370 1511 quinta
384 1435 547 1504 Februarii,
564 1434 741 1509 completum
756 1441 845 1508 atque
859 1433 1027 1508 perfectum.

244 1538 394 1614 Colophon.

243 1619 292 1676 Ad
306 1620 423 1676 laudem
437 1626 467 1676 et
480 1619 604 1694 gloriam
617 1619 827 1692 omnipotentis
842 1617 900 1674 Dei
919 1625 950 1674 et
963 1618 1099 1692 Virginis
1118 1618 1223 1674 Mariae
1237 1637 1271 1674 ac
1285 1617 1378 1673 totius

180 1701 271 1757 curiae
299 1701 422 1758 caelestis
454 1708 607 1756 exaratum
639 1706 669 1756 et
696 1699 873 1774 completum
901 1718 934 1755 ac
961 1700 1051 1754 etiarn
1079 1700 1112 1754 in
1142 1698 1269 1773 pristino
1298 1704 1378 1754 statu

184 1783 334 1838 redactum
349 1788 393 1838 est
407 1782 461 1837 hoo
474 1800 601 1855 praesens
615 1780 735 1836 Missale
744 1780 781 1835 ad
795 1800 881 1835 usum
891 1780 1015 1854 insignis
1026 1780 1163 1836 Ecclesiae
1180 1779 1375 1834 Eboracensis

186 1863 282 1937 Opera
299 1863 416 1918 honesti
432 1862 499 1932 viri,
519 1861 657 1937 Magistri
671 1861 753 1916 Petri
768 1860 889 1931 Oliiier,
908 1861 1090 1935 impresseris
1108 1861 1288 1934 Rothomagi
1306 1879 1380 1916 com-

185 1943 336 1999 morantis.

661 2097 725 2152 ED.
750 2097 906 2156 3.-1517,

248 2178 329 2235 Titi.

247 2259 369 2316 Missale
382 2260 420 2315 ad
434 2279 520 2315 usum
535 2258 728 2315 celeberrimae
744 2258 879 2315 Ecclesiae
889 2259 1082 2315 Eboracensis
1096 2259 1215 2333 optimis
1229 2259 1382 2314 caracteri-

187 2342 242 2398 bus
261 2341 418 2397 novissime
436 2340 611 2415 impressum
621 2360 691 2396 cura
699 2340 836 2415 pervigili
849 2340 1035 2414 maximaque
1050 2340 1253 2395 lucubratione
1267 2339 1381 2395 mendis

188 2422 387 2496 compluribus
409 2421 596 2476 emendatum
620 2429 708 2495 atque
731 2421 762 2476 in
785 2421 879 2476 forma
901 2421 1034 2494 portatili
1052 2420 1251 2494 marginatum
1274 2440 1330 2475 aere
1352 2427 1382 2475 et

187 2502 328 2577 impensis
357 2502 547 2557 honestorum
574 2501 705 2556 virorum
736 2501 888 2556 Guillelmi
918 2501 1050 2556 Bernard
1074 2506 1104 2556 et
1133 2501 1239 2557 Jacobi
1260 2500 1380 2570 Cousin,

188 2582 414 2656 bibliopolarum
439 2581 617 2655 Rothomagi
636 2582 805 2654 degentium
829 2588 898 2636 ante
922 2582 1032 2636 atrium
1053 2581 1241 2637 librariorum
1265 2582 1384 2655 majoris

190 2663 315 2718 ecclesiae
329 2670 418 2736 atque
432 2662 539 2736 inipso
553 2662 629 2716 atrio
647 2681 662 2717 e
680 2661 798 2735 regione
816 2661 903 2717 curiae
921 2660 1128 2718 ecclesiasticae.
1171 2660 1260 2718 Anno
1279 2662 1384 2717 salutis

191 2742 365 2799 Christianae
379 2743 490 2799 decimo
504 2742 627 2816 septimo
642 2761 729 2815 supra
743 2741 932 2798 millesimum
952 2742 1228 2819 quingentesimum,
1245 2743 1292 2798 die
1314 2762 1384 2797 vero

191 2824 328 2880 vicesima
342 2830 425 2879 sexta
439 2823 546 2878 mensis
560 2822 695 2878 Octobris
709 2821 893 2897 completum.

254 2925 419 3001 Colophon(

252 3007 301 3064 Ad
314 3009 431 3087 laudem
445 3014 474 3064 et
488 3007 611 3083 gloriam
630 3008 839 3083 omnipotentis
858 3008 916 3064 Dei
931 3015 961 3065 et
979 3008 1113 3083 Virginis
1128 3008 1232 3063 Mariae
1247 3027 1280 3063 ac
1294 3007 1386 3062 totius

194 3089 281 3146 curiae
309 3089 429 3145 caelestis
457 3097 612 3144 exaratum
639 3094 669 3144 et
700 3089 877 3164 completum
905 3109 938 3145 ac
972 3091 1062 3145 etiam
1092 3089 1124 3143 in
1152 3089 1277 3163 pristino
1305 3094 1386 3144 statu

193 3171 344 3226 redactum
359 3176 403 3225 est
416 3169 470 3225 hoc
484 3188 609 3244 praesens
621 3169 742 3233 Missale
754 3171 792 3225 ad
805 3190 892 3225 usum
906 3170 1029 3244 insignis
1040 3169 1175 3225 Ecclesiae
1186 3169 1385 3225 Eboraoensis

192 3251 292 3325 Opera
304 3251 422 3306 honesti
435 3251 501 3318 viri,
520 3249 659 3324 Magistri
677 3250 760 3306 Petri
778 3250 899 3321 Olivier,
918 3251 1099 3325 impresseris
1117 3249 1296 3326 Rothomagi
1315 3269 1389 3306 com-

195 3332 344 3388 morantis.

259 3575 337 3632 Titia

258 3655 379 3712 Missale
399 3655 436 3710 ad
456 3675 543 3711 usum
563 3654 755 3710 celeberrimus
777 3655 913 3711 Ecclesiae
935 3654 1125 3710 Eboracensis
1150 3653 1269 3728 optimis
1297 3673 1390 3710 carac-

197 3737 308 3793 teribus
338 3743 470 3792 recenter
500 3736 673 3810 impressum
707 3755 776 3791 cura
803 3735 940 3810 pervigili
966 3734 1152 3808 maximaque
1186 3735 1390 3791 lucubratione

197 3817 367 3891 mendisque
387 3818 521 3891 pluribus
535 3816 721 3873 emendatum
735 3816 900 3891 sumptibus
915 3822 944 3872 et
958 3816 1092 3890 expensis
1106 3815 1128 3871 J
1129 3815 1253 3871 ohannis
1268 3814 1390 3885 Gachet,

198 3897 366 3954 mercatoris
384 3897 497 3952 librarii
515 3898 588 3953 bene
608 3898 707 3952 meriti
727 3898 816 3971 juxta
834 3897 987 3971 praefatam
1006 3895 1156 3952 ecclesiam
1174 3896 1388 3952 commorantis

199 3978 288 4035 Anno
309 3977 431 4033 Domini
444 3977 617 4041 MOCOOO.
634 3977 845 4053 trigentesimo
900 3977 957 4033 Die
982 3996 1051 4032 vero
1073 3977 1199 4033 secunda
1219 3976 1297 4032 Julii
1318 3996 1393 4032 com-

202 4059 312 4134 pletum
329 4065 419 4133 atque
432 4059 602 4133 perfectum.

262 4162 413 4237 Colophon.

259 4243 308 4300 Ad
321 4244 437 4300 laudem
450 4250 481 4299 et
493 4244 616 4318 gloriam
631 4244 840 4319 omnipotentis
862 4244 919 4300 Dei
934 4249 964 4299 et
978 4242 1113 4317 Virginis
1135 4243 1238 4298 Mariae
1253 4262 1286 4299 ac
1300 4244 1394 4300 totius

195 4324 288 4382 euriae
303 4325 425 4380 caelestis
439 4332 593 4380 exaratum
608 4332 638 4381 et
658 4325 835 4400 completum
856 4344 889 4380 ac
910 4324 999 4380 etiam
1019 4324 1052 4379 'in
1066 4323 1192 4398 pristino
1206 4330 1285 4380 statu
1298 4325 1394 4381 redae·

200 4413 266 4462 tum
289 4411 333 4461 est
356 4405 411 4460 hoc
434 4424 560 4479 praesens
585 4406 705 4462 Missale
729 4406 766 4461 ad
787 4425 873 4461 usum
888 4404 1012 4480 insignis
1033 4405 1169 4461 Ecclesiae
1192 4405 1392 4462 Eboracensis.

202 4486 347 4562 Expensis
361 4485 477 4542 honesti
490 4486 549 4541 viri
562 4485 583 4542 J
585 4486 709 4543 ohannis
724 4485 843 4542 Gachet.
902 4511 905 4516 ⁴
