2926 4996
131 330 194 390 242
400 326 494 390 Dora.
517 324 583 390 eoi.
603 330 679 412 post
704 325 839 392 Octeccs
860 325 1067 392 Pentecostes.

133 494 163 552 V.
191 493 338 563 Quoniam
365 493 540 549 confirmata
568 498 613 549 est
640 511 805 569 supernos
828 492 1031 551 misericordia
1057 494 1139 570 ejus:
1171 500 1202 552 et
1230 493 1335 552 veritas

130 573 254 632 Domini
267 579 369 630 manet
382 574 413 630 in
428 579 583 631 aeternum.

189 670 358 730 Secundum
372 670 486 728 Lucem
499 669 581 747 (etti.
597 669 692 748 6-17).

189 753 229 809 In
241 752 293 809 illo
307 758 449 828 tempore,
464 751 592 809 Dicebat
606 751 628 808 J
630 770 696 809 esus
713 750 812 809 turbis
829 751 1058 810 similitudinem
1075 751 1154 810 hanc
1162 772 1171 826 3
1192 752 1337 810 Arborem

129 833 177 891 fici
194 833 322 890 habebat
341 833 461 910 quidam
479 831 630 908 usquead
651 837 682 890 et
706 833 803 890 omnis
823 833 952 910 populus
968 832 1116 911 gaudebat
1133 833 1167 892 in
1184 834 1336 906 universis,

131 933 196 992 quae
210 913 336 990 gloriose
350 915 462 971 fiebant
475 913 513 971 ab
528 932 571 970 eo.

191 1009 418 1150 ssggffiplzussrgffl
432 1090 537 1148 salutis
549 1108 641 1148 meae:
663 1088 697 1146 in
710 1089 757 1147 die
771 1089 898 1148 clamavi
916 1095 948 1149 εὴ
966 1087 1166 1172 110οωῖεὴεὴεὴ
1179 1097 1230 1152 te:
1250 1092 1340 1150 intret

133 1173 227 1232 oratio
240 1192 306 1230 mea
318 1172 352 1230 in
365 1178 525 1248 conspectu
537 1176 600 1243 tuo,
617 1170 755 1229 Domine.
821 1240 823 1244 .

194 1253 338 1406 diffidis,
367 1352 543 1410 quaesumus,
572 1333 760 1408 omnipotens
787 1332 878 1406 Deus,
906 1338 942 1390 ut
968 1334 1060 1392 oculis
1086 1339 1148 1393 tuae
1180 1334 1341 1412 majestatis

135 1436 244 1474 munus
261 1416 394 1473 oblatum
408 1422 438 1471 et
455 1413 582 1490 gratiam
595 1414 681 1471 nobis
700 1413 867 1472 devotionis
889 1414 1031 1489 obtineat,
1047 1421 1077 1474 et
1094 1416 1236 1475 effectum
1252 1417 1340 1476 beata

136 1496 333 1574 perennitatis
346 1495 488 1572 aequimt.
532 1494 592 1552 Per
605 1494 778 1553 Dominum.

202 1589 384 1649 domnionis.

199 1671 304 1728 Mense
318 1669 443 1746 septimo
456 1667 532 1726 festa
542 1667 736 1742 celebrabitis,
747 1687 815 1726 cum
828 1668 862 1726 in
872 1669 1070 1728 tabernaculis
1079 1670 1216 1730 habitare
1228 1671 1341 1730 fecerim

140 1752 217 1810 fflios
235 1750 346 1810 Israel:
368 1770 437 1809 cum
455 1750 610 1808 educerem
626 1769 675 1807 eos
691 1749 728 1807 de
746 1754 827 1817 terra
839 1749 975 1828 AEgypti.
1017 1751 1081 1830 Ego
1098 1751 1248 1812 Dominus
1267 1752 1342 1812 Deus

142 1839 247 1891 vester.

203 1911 446 1972 Postcommuaic.

205 1995 365 2053 Perficiant
386 1993 419 2050 in
439 1991 534 2066 nobis,
552 1991 690 2064 Domine,
705 2011 882 2069 quaesumus,
903 1998 957 2050 tua
979 1999 1163 2054 sacramenta
1182 1995 1262 2072 quod
1285 2013 1341 2054 con·

142 2077 259 2150 tinent3
287 2081 324 2151 ut
346 2094 413 2152 quae
435 2092 517 2131 nunc
540 2073 636 2149 specie
658 2073 797 2150 gerimus,
822 2093 921 2132 rerum
940 2074 1067 2134 veritate
1089 2076 1250 2153 capiamus
1292 2076 1342 2136 Per

144 2157 317 2216 Dominum.

285 2358 448 2415 Donrrucs
467 2353 596 2411 Drcrnn
616 2367 713 2410 saxrn
732 2368 804 2411 rosr
824 2352 965 2412 Ocravas
986 2354 1210 2414 Prurncosrns.

207 2485 231 2545 0
262 2485 349 2543 ciem.

206 2488 350 2625 iltijilserere
370 2562 453 2636 mihi,
469 2560 608 2634 Domine,
623 2559 765 2636 quoniam
785 2560 824 2618 ad
845 2565 875 2619 te
896 2560 1023 2619 clamavi
1039 2566 1105 2620 tcta
1122 2561 1191 2623 die:
1219 2563 1290 2640 quie
1303 2567 1341 2635 tu,

146 2648 284 2719 Domine,
298 2645 399 2704 suavis
412 2663 446 2702 ac
458 2642 542 2700 mitis
555 2661 604 2702 es:
625 2649 657 2699 et
670 2641 804 2719 copiosus
817 2641 851 2698 in
861 2641 1060 2702 misericordia
1069 2643 1207 2704 omnibus
1216 2643 1345 2704 invocan-

146 2731 229 2788 tibus
242 2734 281 2787 te.

207 2809 353 2868 Psalmis.

207 2889 333 2959 Inclina‚
356 2885 495 2959 Domine,
519 2903 622 2942 aurem
649 2889 734 2941 tuam
762 2890 793 2942 et
813 2883 922 2943 exaudi
944 2904 1012 2947 me:
1041 2887 1184 2964 quoniam
1210 2887 1297 2966 inops
1319 2890 1347 2946 εὴ

147 2991 259 3050 pauper
272 2989 337 3028 sum
352 2987 413 3044 ego.

209 3051 320 3112 Oratio.

206 3131 369 3192 Ecclesiam
381 3135 476 3199 tuam,
491 3126 630 3200 Domine,
645 3125 796 3185 miseratio
810 3125 985 3187 continuata
997 3127 1123 3188 mundet
1136 3149 1171 3190 ac
1184 3131 1310 3206 muniat,
1320 3133 1349 3190 et

145 3216 216 3293 quia
229 3215 293 3273 sine
306 3219 338 3271 te
350 3229 412 3269 non
426 3215 524 3287 potest
537 3207 619 3265 salva
638 3207 803 3277 consistere,
817 3213 870 3265 tuo
889 3228 1003 3285 semper
1022 3229 1145 3270 munere
1164 3213 1349 3289 gubernetur.

147 3298 206 3356 Per
216 3295 381 3355 Dominum
393 3296 530 3349 nostrum
543 3288 566 3347 J
567 3308 650 3348 esum
664 3288 817 3347 Christum
830 3288 943 3348 Filium
955 3296 1050 3352 tuum.
1093 3292 1154 3363 Qui
1166 3298 1275 3354 tecum.

208 3393 258 3450 Ad
271 3389 412 3468 Ephesios
425 3387 487 3465 (iii.
502 3385 617 3464 13-21).

210 3474 348 3532 Fratres:
370 3470 498 3528 Obsecro
511 3486 573 3539 vos,
588 3486 627 3525 ne
642 3465 785 3525 deficiatis
798 3465 831 3524 in
848 3466 1095 3528 tribulationibus
1110 3470 1186 3530 meis
1206 3490 1263 3548 pro
1274 3468 1353 3532 vobis

91 3556 93 3560 ⁸
149 3575 241 3633 esque
264 3555 305 3612 cd
327 3551 489 3610 secundum
515 3549 660 3606 virtrmem
683 3567 750 3623 quie
777 3554 917 3624 operatur
943 3549 976 3606 in
1002 3549 1096 3620 nobis,
1119 3551 1179 3628 ipsi
1204 3553 1301 3631 gloria
1322 3550 1353 3611 iu

151 3635 291 3709 Ecclesia,
310 3638 341 3692 et
357 3632 391 3690 in
408 3630 528 3689 Christo
547 3629 570 3689 J
571 3648 624 3687 esu
645 3628 680 3686 in
700 3647 803 3688 omnes
824 3629 1030 3706 generationes
1051 3632 1153 3692 soeculi
1173 3633 1352 3695 seculorum.

152 3721 261 3778 Amen.

214 3795 377 3938 giddbldnt
402 3878 506 3953 gentes
531 3890 641 3931 nomen
667 3876 764 3946 tuum,
792 3871 943 3934 Domine:
973 3879 1005 3933 et
1031 3893 1133 3935 omncs
1160 3894 1247 3957 reges
1271 3881 1353 3939 terre

153 3963 537 4113 t(llomildi>dliirliliedificavit
550 4032 698 4092 Dominus
712 4033 803 4093 Sion:
824 4039 854 4092 et
867 4033 1020 4111 videbitur
1032 4035 1066 4095 in
1076 4037 1237 4115 ‘majestate
1249 4058 1311 4100 sus.

215 4122 365 4198 Alleluya
413 4117 444 4179 V.
465 4116 603 4186 Domine,
618 4115 727 4174 exaudi
739 4115 902 4174 orationem
915 4135 1030 4177 meam:
1053 4124 1085 4177 et
1100 4118 1214 4179 clamor
1224 4110 1355 4181 'mansell

155 4213 186 4265 te
199 4204 308 4263 veniat.
1295 4204 1300 4211 '

217 4296 374 4376 Sequentia
387 4294 482 4354 suncti
494 4292 657 4368 Evangelii.
699 4291 868 4352 Secundum
881 4293 995 4355 Lucam
1007 4295 1075 4374 (cii.
1088 4297 1208 4378 11-16).

217 4381 257 4439 In
270 4381 323 4437 illo
335 4384 476 4454 tempore,
491 4374 562 4433 lbat
574 4374 596 4432 J
598 4393 664 4433 esus
677 4373 710 4432 in
728 4374 882 4435 civitatem
895 4395 961 4455 quae
974 4384 1099 4438 vocatur
1112 4377 1208 4441 Naim
1220 4399 1310 4461 uectis
1320 4371 1356 4442 cd

157 4471 190 4522 et
203 4463 273 4540 quia
286 4462 369 4519 Deus
381 4456 519 4518 visitavit
532 4455 649 4533 plebem
662 4475 753 4516 sum.
