2926 4996
211 1067 647 1166 arteriarum
715 1050 1157 1177 missarum

386 1316 498 1412 nn
555 1317 976 1420 TEMPORE.

486 1609 884 1619 ——-—-.——-—.

486 1622 884 1633 ——-.—

367 1822 528 1879 Dommcs
549 1821 654 1880 Prius
675 1823 845 1882 Anvaurus
867 1825 997 1885 Domai

142 1968 193 2026 Ad
213 1967 345 2025 Mclaaaan.
391 1967 530 2041 Officium.

142 2049 197 2107 Ad
223 2054 254 2106 te
282 2048 379 2105 levavi
407 2048 537 2104 animam
564 2067 684 2106 meam:
725 2048 809 2106 Deus
835 2069 928 2123 meus,
956 2052 987 2109 in
1016 2060 1046 2110 te
1073 2057 1194 2130 confido,
1224 2080 1285 2119 non

74 2131 271 2189 erubescam:
300 2148 396 2204 neque
413 2129 558 2186 irrideant
577 2149 624 2186 me
642 2129 757 2185 inimici
776 2131 854 2187 mei:
889 2133 1000 2189 etenim
1024 2135 1154 2194 universi
1178 2141 1230 2216 qui
1254 2149 1284 2198 te

75 2216 242 2288 expectant
262 2229 324 2267 non
345 2209 570 2267 confundentur.

140 2307 286 2365 Paatmua

142 2389 218 2446 Viae
232 2394 307 2460 tuas,
323 2387 460 2461 Domine,
475 2387 644 2444 demonstra
657 2387 749 2444 mihi:
770 2393 801 2444 et
814 2389 932 2447 semitas
946 2396 1012 2448 tuas
1027 2393 1113 2452 edoce
1126 2414 1181 2454 me.

144 2469 253 2528 oratic.

143 2551 259 2621 Excita,
283 2549 420 2621 Domine,
442 2548 607 2624 potentiam
629 2554 713 2606 tuam
741 2555 771 2605 et
798 2550 890 2606 veni:
931 2558 967 2609 ut
993 2554 1031 2610 ab
1059 2555 1283 2618 imminentibus

73 2637 269 2711 peccatorum
306 2635 476 2686 nostrorum
509 2629 653 2704 periculis,
684 2635 714 2686 te
741 2649 907 2688 mereamur
933 2642 1106 2711 protegente
1140 2640 1224 2716 eripi,
1251 2648 1282 2699 ta

74 2715 228 2772 liberante
248 2711 363 2769 salvari
421 2709 481 2778 Qui
500 2710 578 2766 aivis
598 2715 629 2767 et
648 2730 760 2786 regnae.

140 2809 238 2867 Lectio
251 2807 389 2884 Epistoloe
402 2807 477 2864 beati
490 2806 584 2863 Pacci
597 2806 728 2882 Apostoli
740 2809 780 2864 cd
793 2807 941 2867 Romanoa
953 2810 1032 2887 (xiii.
1052 2813 1158 2892 11-14)

75 2891 280 3029 (striatam
301 2888 432 2946 Scientes
446 2887 516 2963 quia
529 2887 603 2944 hora
616 2894 763 2962 estusque
777 2891 818 2946 aa
830 2889 991 2948 induimini
1005 2893 1168 2953 Dominum
1178 2898 1200 2956 J
1201 2918 1283 2956 esum

143 2976 245 3110 Giddi·
278 3048 422 3107 Universi
435 3049 488 3125 qui
501 3055 532 3106 te
546 3055 704 3124 expectant
717 3069 779 3106 non
794 3051 1021 3125 confundentur,
1037 3053 1173 3116 Domine.

150 3132 197 3269 V.ll
215 3131 297 3269 l{tipo
311 3137 386 3203 tuas,
402 3130 540 3202 Domine,
556 3136 641 3187 notas
654 3131 700 3187 fac
714 3129 807 3187 mihi:
828 3136 859 3188 et
873 3133 992 3191 semitas
1005 3141 1072 3193 tuas
1083 3138 1170 3196 edoce
1184 3159 1238 3198 me.

73 3378 119 3433 da
142 3215 353 3432 ibfoice'nde
372 3292 465 3364 nobis,
482 3291 618 3362 Domine,
632 3291 860 3349 misericordiam
880 3299 983 3352 tuam:
1005 3302 1036 3354 et
1048 3298 1176 3357 salutare
1196 3307 1281 3358 tuum

131 3395 172 3432 no
192 3395 224 3433 is

142 3468 304 3545 Sequentia.

203 3561 289 3619 Salus
302 3567 422 3630 aeterna,
435 3559 604 3616 indeficiens
617 3559 722 3616 mundi
734 3559 806 3631 vita,

202 3642 272 3699 Lux
285 3642 473 3717 sempiterna,
487 3646 518 3697 et
531 3640 693 3715 redemptio
706 3659 775 3696 vere
788 3645 898 3712 nostra,

204 3722 369 3780 Gondolens
382 3721 511 3778 humana
526 3721 619 3796 perire
633 3720 717 3778 saecla
730 3740 783 3796 per
795 3721 939 3778 tentantis
952 3722 1083 3796 numina,

203 3804 275 3862 Non
288 3803 426 3879 linquens
440 3801 562 3873 excelsa,
578 3801 665 3858 adisti
679 3802 738 3858 ima
751 3802 870 3878 propria
883 3802 1045 3862 clementia.

204 3885 280 3941 Mox
293 3890 347 3941 tua
360 3888 521 3960 spontanea
534 3882 629 3959 gratia
643 3901 792 3939 assumens
805 3882 942 3954 humana,

204 3965 277 4034 Quae
290 3965 410 4022 fuerant
429 3963 544 4041 perdita
558 3963 656 4019 omnia
670 3962 791 4020 salvasti
804 3968 908 4035 terrea,
922 3964 1019 4023 ferens
1032 3967 1143 4026 aurudo
1160 3973 1276 4046 gaudia.

204 4047 249 4105 Tu
266 4047 379 4103 animas
400 4051 431 4102 et
450 4063 572 4120 corpora
588 4048 696 4116 nostra,
712 4042 837 4115 Christe,
854 4045 950 4120 expia,
964 4053 999 4104 ut
1018 4049 1164 4124 possideas
1182 4052 1278 4110 lucida

283 4131 400 4183 nosmet
412 4125 579 4182 habitacula
589 4144 598 4197 ;

204 4207 348 4265 Adventu
361 4206 456 4282 primo
471 4205 610 4282 justifica,
626 4205 658 4261 in
672 4205 799 4263 secundo
812 4223 923 4282 nosque
936 4204 1029 4266 libera
1040 4230 1050 4282 3

203 4289 249 4348 Ut
262 4308 328 4346 cum
342 4287 420 4344 facta
433 4287 498 4344 luce
512 4305 625 4363 magna,
637 4286 785 4362 judicabis
797 4287 905 4360 omnia,

205 4370 322 4445 Oompti
342 4367 418 4424 stola
440 4367 610 4444 incorrupta
628 4373 744 4424 nosmet
763 4373 816 4424 tua
833 4368 1053 4444 subsequamur,
1075 4392 1136 4446 rex,
1156 4375 1281 4453 vestigia

279 4451 312 4507 in
325 4449 389 4507 cali
401 4449 476 4506 aula.

551 4546 570 4585 a
