2926 4996
485 327 487 332 Ι
528 371 577 435 1ιι
604 370 736 455 Vipitia
752 371 982 438 Pentecostea·
1285 376 1350 471 15}

142 537 287 614 frangere,
310 543 341 595 et
361 544 487 607 tuorum,
502 544 717 614 praeceptorum
737 537 954 596 rectitudinem
968 538 1001 596 in
1022 539 1159 600 omnibus
1180 539 1347 617 adimplere.

144 617 204 675 Per
218 617 391 675 Dominum.

203 699 300 757 Lectio
313 699 446 758 secanda.
489 699 615 756 Factum
625 699 712 758 estin
722 699 825 778 vigilia
837 700 986 758 matutina
996 707 1022 759 et
1032 709 1131 775 cetera,
1147 710 1182 759 at
1194 701 1229 760 in
1245 699 1351 778 Viqiat
1367 718 1373 731 ·

145 779 274 837 Paschae.

204 860 339 919 Tractus.
383 859 544 918 Cantemus
558 860 696 918 Domino.

157 940 317 1000 Oratio.

202 1021 287 1079 Deus
288 1042 361 1098 ,qm
351 1021 456 1079 nobis
465 1042 518 1098 per
531 1022 741 1099 prophetarum
752 1042 804 1080 ora
816 1023 982 1100 praecepisti
995 1023 1169 1118 temporalia
1182 1024 1346 1100 relinquere

140 1107 232 1178 atque
245 1103 284 1160 ed
297 1108 408 1160 reterns
420 1102 574 1176 festinare,
587 1104 625 1160 da
638 1104 755 1160 famulis
768 1105 837 1174 tuis,
849 1111 884 1160 ut
898 1123 963 1180 quse
977 1125 995 1162 a
1008 1106 1061 1162 te
1048 1124 1131 1182 yusss
1145 1106 1346 1219 cognovimus,

140 1181 264 1260 implere
278 1183 387 1240 caelesti
399 1148 593 1259 inspiratione
606 1185 768 1241 valeamus·
806 1183 865 1241 Per
878 1183 1049 1242 Dominum.

200 1263 299 1322 Lectio
312 1265 403 1325 tertia.
447 1264 682 1341 Apprehcndent
699 1271 811 1342 septem
828 1265 965 1324 mulieres
979 1275 1005 1324 et
1019 1275 1117 1339 cetera,
1132 1276 1166 1324 at
1183 1267 1217 1324 in
1235 1266 1343 1343 Viqilia

140 1344 268 1402 Pascltoe.

201 1425 334 1483 Tractus.
377 1425 478 1483 Vinea
491 1426 568 1483 facta
582 1431 634 1484 est.

202 1505 313 1564 Oratio,

199 1587 283 1644 Deus
284 1586 356 1663 ,qui
369 1606 423 1644 nos
436 1586 474 1644 ad
487 1585 692 1644 celebrandam
704 1586 780 1645 hanc
794 1593 967 1665 praesentem
979 1587 1174 1646 festivitatem
1188 1589 1342 1667 utriusque

137 1668 311 1725 testamenti
324 1668 438 1744 paginis
452 1668 603 1726 imbuisti:
624 1668 661 1724 da
675 1669 758 1725 nobis
776 1668 892 1747 intellig
876 1689 941 1727 cere
957 1669 1187 1726 misericordiam
1200 1676 1291 1743 tuam,
1306 1678 1346 1733 ιιι

138 1767 176 1805 ex
196 1748 385 1825 perceptione
406 1749 596 1825 praesentium
617 1769 773 1807 munerum
794 1751 880 1807 firma
901 1752 941 1808 sit
963 1751 1143 1827 exspectatio
1163 1751 1339 1811 futurorum.

137 1824 196 1887 Per
210 1829 383 1886 Dominum.

196 1911 279 1968 Lect
255 1919 294 1967 teo
308 1919 422 1985 quarta.
466 1910 588 1986 Scripsit
602 1910 720 1986 Moyses
734 1912 888 1969 canticum.

156 2066 158 2070 λ
199 1992 333 2048 Tractus.
375 1991 510 2049 Attende
524 1991 636 2049 caelum.

199 2071 309 2129 Oratio

196 2151 289 2223 Deus,
304 2153 553 2210 incommutabilis
566 2153 662 2209 virtus
676 2153 821 2211 etlumen
837 2160 990 2227 aeternum,
1004 2154 1114 2247 respice
1134 2151 1280 2229 propitius
1300 2151 1346 2210 ad.

136 2231 231 2289 totius
248 2233 385 2290 Ecclesiae
403 2233 538 2290 mirabile
560 2240 784 2305 sacramentum,
804 2241 835 2291 et
856 2235 894 2292 da
913 2236 1032 2293 famulis
1052 2235 1112 2292 tuis
1132 2240 1167 2290 ut
1188 2235 1242 2290 hoc
1259 2232 1345 2313 quod

135 2312 241 2371 devote
255 2314 378 2390 agimus,
393 2315 484 2372 etiam
497 2315 673 2371 rectitudine
687 2315 756 2371 vitae
770 2320 929 2374 teneamus.
974 2317 1033 2373 Per
1047 2315 1218 2372 Dominum.

196 2410 294 2468 Lectio
308 2412 433 2486 quinta:
394 2411 572 2469 charnclc
562 2412 644 2488 (
607 2432 651 2468 ιιι
669 2413 737 2468 938
739 2413 769 2487 )

195 2503 282 2560 Audi
295 2503 388 2560 Israel
403 2504 541 2561 mandata
554 2504 623 2560 vitae
637 2525 727 2578 asqae
740 2505 782 2562 ad
795 2523 862 2562 cum
875 2504 1045 2563 hominibus
1058 2510 1247 2563 conversatus
1262 2511 1313 2563 est.
1339 2506 1344 2513 ’

198 2585 330 2642 Tractus.
375 2585 459 2642 Sicut
472 2604 582 2643 cervus.
1344 2588 1346 2591 ’

199 2663 309 2723 Oratio.

176 2757 319 2829 Concede,
343 2778 518 2834 quaesumus,
540 2760 725 2835 omnipotens
752 2758 842 2831 Deus,
869 2765 905 2816 ut
931 2759 984 2835 qui
1010 2759 1240 2818 sollemnitatem
1267 2760 1345 2817 doni⁴

134 2838 237 2896 Sancti
256 2838 384 2915 Spiritus
406 2839 536 2911 colimus,
552 2841 715 2897 caelestibus
735 2841 886 2898 desideriis
900 2841 1022 2914 accensi,
1039 2841 1153 2900 fontem
1166 2843 1236 2898 vitre
1257 2841 1344 2898 sitia

133 2939 208 2990 muS,
235 2918 399 2977 Dominum
420 2928 556 2978 nostrum
577 2922 682 2979 desum
705 2922 858 2980 Christum
880 2922 993 2979 Filium
1014 2929 1108 2981 tuum.
1161 2922 1222 2993 Qui
1244 2928 1342 2980 tecum

134 3000 219 3059 vivit.
264 3001 302 3058 In
316 2999 432 3058 unitate
446 3002 583 3076 ejusdem.

192 3096 363 3173 Sequantar
376 3099 504 3156 Mtanice
517 3108 543 3157 et
557 3109 654 3171 cenna,
667 3101 742 3158 sicat
755 3101 789 3158 in
802 3100 926 3160 Sabbato
940 3102 1059 3160 Paschae
1072 3111 1223 3174 notantur,
1235 3101 1339 3160 scilicet

133 3179 174 3236 ad
185 3177 288 3253 fontes
308 3180 512 3237 benedicendos.
564 3180 722 3255 Finitaqae
742 3182 867 3239 Isitania
881 3191 949 3257 post
970 3182 1189 3240 benedictionem
1200 3181 1337 3257 fontitrm

132 3259 208 3316 sicat
227 3260 263 3316 in
288 3259 394 3334 Vipilia
408 3260 526 3318 Pasclta
548 3261 718 3318 ordinatam
738 3271 784 3335 est,
801 3263 853 3336 qai
867 3272 971 3338 praest
986 3262 1089 3335 Oboro,
1111 3263 1144 3320 id
1164 3271 1204 3320 est
1224 3262 1334 3336 Rector,
1354 3318 1358 3322 .

133 3339 194 3398 alta
208 3360 271 3397 voce
284 3341 408 3416 incipiat
421 3341 517 3416 Kyrie
532 3341 647 3417 eleyson
654 3341 759 3415 festim
773 3363 839 3399 eane
852 3353 921 3401 nota
936 3344 970 3400 de
984 3344 1052 3400 Rex
1065 3343 1223 3418 virginum.

192 3419 321 3478 Interim
340 3421 478 3480 Sacerdos
498 3443 563 3480 carn
583 3423 732 3480 Ministris
750 3422 856 3496 festim
874 3424 993 3499 paratis
1016 3423 1141 3481 introeat
1161 3424 1203 3480 ad
1222 3422 1331 3494 Altera,

124 3500 268 3576 factaque
287 3501 458 3577 mnfhssione
478 3512 504 3560 et
524 3504 609 3560 dietis
630 3503 726 3579 Kyrie
747 3503 873 3580 eleyson,
896 3504 1019 3579 incipiet
1040 3503 1142 3562 Gloria
1161 3505 1195 3561 in
1212 3503 1335 3561 excelsis
1406 3575 1408 3581 Ι

133 3602 198 3640 cam
211 3591 284 3640 nota
297 3583 331 3641 de
344 3583 461 3658 anystis,
477 3592 503 3640 et
510 3583 648 3659 patretur
661 3584 811 3642 classicam
824 3587 897 3644 dam
911 3585 1035 3642 annitar.

194 3674 306 3733 Oratio.

191 3756 314 3822 Praesta,
338 3775 512 3832 quaesumus,
535 3757 721 3832 omnipotens
745 3758 837 3830 Deus,
861 3765 897 3815 ut
920 3758 1063 3816 claritatis
1086 3764 1146 3814 tuae
1171 3777 1258 3850 super
1281 3772 1337 3816 nos

132 3836 271 3929 splendor
291 3836 437 3916 effulgeat,
457 3843 487 3894 et
504 3837 558 3894 lux
577 3843 638 3894 tuse
656 3838 728 3895 lucis
749 3802 837 3896 cordi
849 3858 951 3896 eorum
965 3840 1016 3915 qui
1032 3858 1084 3914 per
1104 3838 1230 3914 gratiam
1250 3844 1335 3900 tuam

131 3918 228 3975 renati
242 3922 321 3990 sunt,
339 3917 440 3974 Sancti
454 3917 582 3994 Spiritus
594 3919 793 3977 illustratione
807 3922 966 3978 confirmet.
1009 3919 1068 3977 Per
1080 3918 1252 3979 Dominum.
1296 3920 1336 3977 In

132 3999 250 4055 unitate
263 3998 402 4074 ejusdem

188 4078 287 4135 Natta
300 4079 445 4139 nnmmia.

85 4187 88 4194 ·
187 4159 268 4217 Lect
245 4168 285 4216 tio
298 4158 353 4217 Aet
342 4168 426 4217 taam
439 4159 642 4235 Apostolorum
655 4161 730 4239 (aia.
749 4161 777 4218 1-
779 4161 823 4239 8).

188 4239 230 4297 In
253 4239 356 4297 diebus
377 4240 445 4313 illis,
469 4240 595 4299 Factum
617 4249 662 4300 est
689 4262 756 4303 cum
777 4241 888 4318 Apollo
915 4248 991 4300 esset
1012 4242 1148 4340 Corinthi
1175 4264 1267 4319 asqae
1292 4241 1341 4301 ad‘

127 4320 284 4397 disputans
298 4327 328 4378 et
342 4285 466 4379 suadens
480 4321 516 4379 de
530 4342 620 4398 regno
635 4323 700 4381 Dei

192 4413 354 4497 [Sequatur
374 4437 394 4476 a
417 4419 529 4477 dachas
554 4419 712 4478 Vicariis
699 4441 734 4483 ιιι
754 4419 850 4514 Capis
868 4381 942 4478 albis
964 4429 998 4478 at
1018 4421 1052 4477 in
1078 4418 1187 4496 Viyilia
1206 4420 1333 4495 Paselae,
1338 4418 1340 4423 ’

130 4496 265 4576 alleluya.
312 4497 402 4570 Quo
389 4508 499 4576 incepto
512 4509 659 4560 eaaantrsr
673 4500 762 4578 aaa
774 4502 873 4578 niqra.
876 4501 982 4561 -Ms
1000 4499 1052 4581 D]
1128 4581 1130 4585 Ι
