2926 4996
372 349 593 415 Hebdomada
607 348 648 414 ii.
668 348 948 434 Quadrupesimce.
1223 352 1264 416 63

116 520 215 595 Super·
228 519 384 594 Populum.
429 517 538 575 Oratio.

115 601 292 677 Propitiare,
309 599 446 670 Domine,
462 597 726 675 supplicationibus
739 597 858 669 nostris,
874 604 904 654 et
918 598 1084 655 animarum
1097 604 1266 656 nostrarum

54 681 174 740 medere
188 681 398 757 languoribus3
421 686 457 736 ut
470 679 639 736 remissione
653 685 798 755 perceptu,
814 679 846 735 in
860 684 913 735 tue
930 699 1045 755 semper
1062 681 1266 738 benedictione

54 763 199 820 laetemur.
242 763 301 820 Per
315 761 486 818 Dominum.

533 905 632 962 Fsum
654 905 791 975 Quium.

116 990 167 1047 Ad
180 989 312 1045 Missam.
359 987 498 1061 Officium.

117 1071 151 1127 N
153 1090 169 1127 e
185 1069 371 1145 derelinquas
388 1088 444 1139 me,
460 1067 588 1124 Domine
609 1067 691 1123 Deus
712 1086 812 1138 meus3
833 1086 871 1123 ne
885 1066 1015 1125 discedas
1028 1088 1046 1125 a
1060 1089 1124 1142 me;
1144 1070 1266 1129 intende

56 1153 89 1209 in
102 1151 286 1226 adjutorium
299 1169 407 1221 meum,
424 1149 561 1220 Domine,
577 1147 673 1204 virtus
686 1147 790 1204 salutis
804 1167 883 1204 mese.

117 1231 266 1290 Psulueus.

111 1313 256 1384 Domine,
272 1330 310 1369 ne
324 1311 357 1367 in
371 1310 469 1367 furore
483 1316 536 1367 tuo
550 1328 655 1385 argues
669 1329 733 1366 me:
754 1329 850 1386 neque
864 1309 897 1367 in
910 1310 956 1367 ire
969 1316 1022 1368 tua
1036 1311 1176 1388 corripias
1190 1333 1244 1371 me.

120 1394 231 1452 Oratio

117 1473 269 1551 Populum
289 1478 384 1544 tuum,
401 1491 577 1549 quaesumus,
601 1471 738 1542 Domine,
761 1471 907 1547 propitius
929 1473 1060 1548 respice:
1082 1479 1113 1531 et
1135 1494 1209 1550 quos
1229 1477 1266 1533 ab

56 1557 130 1614 escis
144 1555 311 1612 carnalibus
324 1554 458 1630 praecipis
472 1553 627 1624 abstinere,
643 1572 660 1609 a
675 1552 773 1609 noxiis
787 1572 904 1628 quoque
914 1554 997 1610 vitiis
1007 1573 1118 1612 cessare
1132 1556 1264 1614 concede.

57 1638 116 1695 Per
131 1636 303 1693 Dominum.

117 1717 261 1792 Epistola.
303 1715 399 1772 Lectio
414 1715 482 1772 libri
496 1714 598 1772 Hester
612 1713 693 1791 (eiii.
712 1714 789 1787 9-11,
807 1712 920 1791 15-17).

118 1799 160 1855 Iu
181 1797 284 1855 diebus
301 1796 369 1868 illis,
386 1794 493 1852 Oruvit
514 1795 625 1852 Hester
645 1795 682 1851 ud
703 1795 867 1852 Dominum
887 1797 987 1852 dicens
997 1816 1005 1867 ;
1026 1798 1155 1855 Domine
1175 1800 1266 1870 Deus,

56 1900 111 1938 rex
125 1879 313 1954 omnipotens
326 1897 416 1952 usque
430 1877 471 1933 ud
484 1876 526 1933 Et
539 1896 576 1933 ne
593 1875 710 1932 claudas
730 1895 781 1933 ora
799 1877 969 1933 canentium
983 1883 1022 1950 te,
1038 1879 1167 1937 Domine
1185 1881 1268 1937 Deus

56 1967 167 2019 noster.

121 2039 258 2099 Grodule.

119 2122 244 2179 Salvum
257 2120 303 2176 fac
316 2119 459 2195 populum
472 2124 568 2190 tuum,
583 2118 729 2175 Domine:
751 2124 781 2174 et
795 2119 917 2176 benedic
931 2119 1098 2177 haereditati
1112 2127 1179 2179 tuae.

62 2202 92 2261 V.
118 2202 173 2260 Ad
187 2209 226 2274 te,
243 2201 380 2272 Domine,
395 2200 545 2257 clamabo:
567 2199 649 2256 Deus
667 2218 757 2272 meus,
773 2219 811 2256 ne
832 2199 917 2256 sileas
937 2221 955 2258 a
975 2220 1030 2272 me,
1047 2206 1077 2258 et
1095 2221 1144 2258 ero
1163 2203 1267 2259 similis

56 2282 304 2342 descendentibus
317 2282 350 2337 in
364 2281 468 2338 lacum.

118 2364 290 2423 Secundum
303 2361 478 2418 Mottleoeum
492 2361 554 2437 (uu.
574 2360 689 2438 17-28).

119 2446 160 2502 In
174 2445 227 2501 illo
241 2449 382 2519 tempore,
396 2443 568 2500 Ascendcns
582 2442 603 2499 J
605 2461 670 2498 esus
684 2441 932 2517 Hierosolymam,
943 2444 1100 2519 assumpsit
1114 2444 1267 2502 duodecim

57 2526 219 2602 discipulos
232 2543 299 2581 suos
312 2531 432 2594 secreto,
445 2531 476 2580 et
486 2523 528 2580 ait
539 2523 617 2594 illis;
638 2523 714 2580 Ecce
728 2523 912 2580 ascendimus
923 2523 1162 2600 Hierosolymam
1175 2547 1266 2601 usque

59 2609 99 2666 ud
112 2608 166 2664 sed
180 2606 357 2677 ministrare,
373 2611 403 2661 et
416 2604 486 2661 dure
499 2603 630 2661 animum
643 2623 726 2660 suam
741 2603 773 2660 in
787 2604 1020 2680 redemptionem
1032 2625 1086 2681 pro
1100 2607 1210 2664 multis.

121 2686 317 2761 Offertoeium.

118 2768 172 2826 Ad
197 2773 237 2839 te,
256 2766 393 2838 Domine,
414 2765 511 2823 levavi
533 2765 663 2822 animum
685 2784 798 2822 meam:
823 2767 906 2823 Deus
928 2786 1019 2839 meus,
1039 2767 1072 2823 in
1094 2774 1125 2825 te
1144 2768 1266 2842 confido,

62 2870 119 2908 non
134 2849 325 2920 erubescam
348 2866 442 2923 neque
455 2847 600 2904 irrideant
613 2866 660 2903 me
673 2846 788 2903 inimici
801 2847 867 2918 mei,
884 2848 994 2904 etenim
1014 2849 1147 2906 universi
1166 2850 1218 2926 qui
1238 2856 1269 2907 te

62 2936 221 3007 expectant
234 2949 294 2986 non
309 2928 536 2987 confundentur.

121 3011 242 3069 Secreta.

121 3092 255 3160 Hostias,
270 3109 444 3166 quaesumus,
459 3089 596 3160 Domine,
608 3108 681 3164 quus
694 3088 752 3146 tibi
765 3089 914 3147 offerimus
928 3091 1073 3166 propitius
1087 3091 1197 3167 respice
1208 3112 1218 3165 3
1239 3100 1270 3150 et

69 3191 115 3247 per
127 3173 189 3229 haec
203 3178 305 3229 sancta
319 3171 492 3228 commercia
505 3168 624 3227 vincula
644 3175 832 3246 pcccatorum
851 3177 1021 3228 nostrorum
1041 3172 1168 3231 absolve.
1212 3173 1271 3231 Per
1288 3176 1296 3204 ¹

73 3253 233 3310 Dominum.

127 3333 308 3392 Omumuuiu

126 3415 229 3472 Justus
243 3414 399 3485 Dominus,
416 3418 446 3470 et
456 3412 590 3488 justitias
604 3412 729 3471 dilexit:
750 3413 921 3488 aequitatem
934 3413 1011 3471 vidit
1024 3414 1126 3472 vultus
1140 3415 1210 3490 ejus.

129 3494 369 3554 Postemnmuuio.

131 3575 265 3653 Sumptis,
288 3575 425 3647 Domine,
447 3574 636 3632 sacrementis
660 3573 698 3631 ad
721 3573 931 3652 redemptionis
954 3581 1078 3647 aeternae,
1094 3596 1271 3652 quaesumus,

91 3655 251 3726 proficiamus
264 3661 464 3733 augmentum.
507 3655 567 3715 Per
580 3655 750 3714 Dominum

134 3736 219 3813 Super
231 3737 391 3813 Populum.

135 3816 215 3892 Deus,
237 3817 415 3875 innocentiae
435 3817 591 3875 restitutor
612 3821 643 3874 et
664 3824 786 3892 ametor,
809 3818 902 3894 dirige
926 3819 964 3875 ad
987 3825 1017 3877 te
1041 3825 1162 3877 tuorum
1184 3820 1272 3878 corda

97 3907 234 3971 servorum3
248 3906 284 3957 ut
299 3898 428 3975 Spiritus
438 3899 486 3955 tui
495 3899 609 3956 fervore
624 3905 772 3975 concept0,
786 3905 816 3956 et
829 3900 862 3955 in
875 3900 932 3956 fide
946 3900 1138 3958 inveniuntur
1151 3902 1273 3960 stabiles

99 3974 150 4033 etin
161 3998 248 4059 opere⁴
255 3980 392 4038 efficaces.
435 3979 495 4036 Per
509 3979 679 4038 Dominum.

545 4160 645 4217 Fumi
666 4159 797 4229 Quium.

147 4235 268 4310 Officium

147 4313 219 4396 Deus,
241 4323 275 4381 in
296 4321 477 4398 adjutorium
499 4342 597 4380 meum
619 4321 740 4379 intende
750 4342 760 4396 3
788 4323 924 4394 Domine,
944 4325 982 4381 ad
1003 4325 1204 4401 adjuvandum
1227 4346 1274 4385 me

107 4384 197 4523 {buu
215 4403 432 4463 confundentur
446 4409 477 4462 et
496 4409 687 4462 revereantur
699 4403 814 4462 inimici
832 4404 898 4476 mei,
914 4406 967 4480 qui
987 4412 1125 4482 quaerunt
1145 4409 1275 4466 enimam

132 4488 185 4536 tam.
