2926 4996
442 349 663 417 Hebdomada
678 349 734 416 iii.
754 348 1033 436 Quadrupesimoa
1304 350 1346 416 69

196 517 293 578 Lectio
308 519 376 577 libri
389 518 487 576 Exodi
500 517 563 596 (aar.
582 517 696 596 12-24)

196 615 273 674 Haeo
295 615 368 674 dicit
390 617 538 674 Dominus
561 617 666 689 Deus;
695 616 821 673 Honora
844 621 958 692 patrem
976 621 1064 673 tuum
1080 620 1111 672 et
1123 618 1248 671 matrem
1263 618 1345 670 tuam

133 717 226 773 usque
246 699 287 755 ad
307 697 415 755 Altera
428 697 465 755 de
478 703 559 755 terra
572 698 686 754 facietis
700 697 783 768 mihi,
799 703 829 754 et
843 698 970 754 offeretis
984 715 1118 773 supereo
1132 695 1303 752 holocausta
1316 701 1347 751 et

133 779 255 871 pacifica
267 784 373 872 vestm,
390 797 459 836 oves
473 784 587 836 vestras
601 785 631 836 et
644 779 734 836 boves
747 778 781 835 in
794 778 876 835 omni
889 778 962 851 loce,
976 778 1009 835 in
1022 796 1082 854 quo
1101 777 1244 834 memorio
1256 774 1347 832 luerit

134 878 265 916 nomrms
285 879 352 919 meu

197 953 332 1013 Grodole.
400 974 401 977 ’

195 1035 339 1093 Miserere
353 1035 435 1107 mihi,
451 1035 597 1093 Domine:
618 1035 758 1111 quoniam
772 1035 907 1092 infirmus
921 1051 996 1107 sum,
1010 1053 1082 1092 sane
1094 1053 1150 1106 me,
1166 1032 1302 1090 Domine.

140 1116 172 1175 V.
199 1116 386 1174 conturbate
399 1122 471 1175 sunt
484 1117 585 1173 omnia
598 1136 663 1174 ossa
676 1135 741 1173 mea
756 1136 762 1173 :
787 1122 818 1173 et
831 1116 930 1173 anima
944 1135 1011 1173 mea
1023 1115 1144 1173 turbata
1157 1120 1202 1173 est
1215 1111 1309 1171 valde.

195 1210 396 1287 Eoorrqeliccm.
440 1211 608 1272 Secundum
622 1211 797 1269 Meliboeam
810 1210 871 1289 (xo.
890 1211 985 1290 1-20).

196 1309 235 1366 In
252 1310 304 1368 illo
322 1316 463 1387 tempore,
482 1311 680 1368 Accesserunt
701 1310 737 1367 ad
762 1309 869 1367 (lesum
891 1309 928 1366 ab
953 1306 1169 1384 Hierosolymis
1190 1306 1292 1364 scribae
1314 1311 1345 1364 et

133 1390 286 1462 Pharisaei,
313 1392 444 1449 dicentes
455 1411 464 1464 3
500 1392 599 1461 Quare
626 1390 764 1467 discipuli
797 1391 843 1447 tui
878 1389 1137 1466 transgrediuntur
1170 1387 1345 1445 traditiones

132 1472 306 1530 senioruml
328 1491 389 1530 non
403 1473 483 1530 enim
497 1472 600 1529 lavant
613 1492 718 1529 manus
736 1492 826 1547 eosque
848 1473 889 1529 od
912 1471 983 1528 Non
1005 1470 1075 1528 lotis
1091 1475 1192 1528 autem
1208 1469 1345 1526 manibus

133 1552 321 1626 manducare,
336 1573 398 1611 non
412 1554 585 1629 coinquinat
598 1553 756 1610 hominem

196 1649 221 1708 O
243 1651 390 1709 briccium.

194 1652 332 1804 Diimine,
348 1732 394 1790 fac
408 1751 523 1790 mecum
537 1730 768 1789 misericordiam
781 1736 867 1788 tuam
880 1735 1001 1808 propter
1014 1748 1123 1786 nomen
1138 1734 1225 1786 tuum
1239 1748 1246 1787 :
1275 1727 1345 1806 quia

133 1812 235 1870 suavis
245 1818 295 1870 est
310 1813 510 1871 misericordia
522 1818 583 1873 tua.

195 1909 325 2068 gibbibcb,
356 2011 532 2068 quaesumus,
559 1991 697 2063 Domine,
721 2009 821 2067 preces
847 1990 950 2068 populi
977 1990 1024 2047 tui
1051 2009 1118 2047 cum
1145 1988 1345 2047 oblationibus

131 2071 318 2130 hostiarum:
356 2079 387 2130 et
413 2079 467 2130 tua
494 2073 635 2150 mysteria
669 2072 857 2144 celebrantes,
893 2071 931 2129 ab
965 2071 1102 2128 omnibus
1135 2089 1189 2127 nos
1221 2069 1345 2127 defende

132 2153 279 2229 periculis.
334 2153 393 2211 Per
414 2154 585 2212 Dominum.

133 2412 163 2469 D
194 2247 381 2423 gppgpcffl
393 2331 490 2389 fecisti
502 2332 566 2390 vias
580 2332 671 2391 vitae:
701 2331 875 2410 adimplebis
896 2351 944 2390 me
961 2330 1066 2389 laetitia
1084 2349 1152 2388 cum
1172 2329 1260 2386 vultu
1281 2335 1342 2403 tuo,

165 2430 273 2470 omme.

193 2508 438 2567 Postcommunio.

193 2589 365 2646 Sanctificet
378 2610 440 2661 nos,
456 2610 632 2666 quaesumus,
650 2591 788 2662 Domine,
798 2610 857 2667 qua
869 2590 949 2667 pasti
963 2608 1071 2660 sumus,
1086 2608 1189 2647 mensa
1202 2588 1343 2662 caelestis;

134 2675 195 2807 {ta
209 2670 323 2808 (ignotis
337 2672 485 2728 erroribus
500 2672 642 2748 expiatos,
659 2673 793 2749 supernis
813 2672 1056 2749 promissionibus
1076 2670 1181 2729 reddat
1200 2677 1341 2748 acceptos.

161 2770 195 2808 er
247 2770 390 2810 ommum.

193 2847 291 2923 Super
310 2848 467 2924 Popilium.

196 2928 339 3001 Concede,
369 2949 543 3006 quaesumus,
573 2931 760 3006 omnipotens
791 2930 882 3003 Deus,
911 2936 947 2988 ut
973 2930 1026 3007 qui
1059 2930 1251 3007 protectionis
1284 2937 1344 2990 tuae

139 3009 444 3150 {scartissmnpiigffimus
460 3011 579 3069 liberati
592 3031 611 3069 a
623 3012 709 3068 malis
723 3011 860 3069 omnibus
874 3031 976 3070 secura
988 3011 1046 3069 tibi
1059 3017 1159 3070 mente
1172 3013 1342 3070 serviamus.

611 3251 711 3310 Fsrm
732 3252 863 3321 Quium

196 3362 338 3438 Officium.

195 3443 282 3501 Salus
303 3443 406 3520 populi
428 3462 482 3520 ego
505 3462 579 3515 sum,
604 3442 676 3501 dicit
699 3443 867 3501 Dominus:
899 3443 934 3501 de
957 3463 1132 3520 qua-cunque
1152 3443 1345 3503 tribulatione

131 3523 327 3582 clamaverint
340 3525 378 3581 ad
392 3543 447 3597 me,
464 3525 622 3582 exaudiam
635 3544 693 3598 eos,
709 3530 740 3582 et
754 3544 804 3582 ero
817 3525 938 3582 illorum
952 3524 1098 3582 Dominus
1111 3526 1143 3582 in
1157 3533 1343 3602 perpetuum.

192 3621 342 3679 Psalmis.

192 3702 363 3774 Attendite,
378 3701 485 3781 popule
499 3721 590 3776 meus,
607 3702 700 3780 legem
720 3723 838 3762 meam:
870 3702 1013 3762 inclinate
1035 3722 1136 3762 aurem
1159 3709 1290 3762 vestram
1310 3705 1343 3762 in

126 3785 225 3841 verba
238 3783 297 3841 oris
310 3783 377 3843 mei

195 3879 337 4032 gibbile,
358 3980 533 4037 quaesumus,
553 3961 739 4037 omnipotens
761 3961 851 4034 DeuS,
875 3966 911 4018 ut
929 3961 1111 4038 jejuniorum
1134 3961 1218 4021 nobis
1240 3969 1341 4022 sancta

127 4041 544 4180 {biolbbgtiidffcaffionem
563 4041 685 4113 tribuat,
705 4049 736 4101 et
754 4042 904 4119 majestati
917 4048 1049 4109 tuaenos
1070 4043 1175 4101 reddat
1196 4055 1337 4122 acceptos

194 4220 287 4279 boetio
300 4221 456 4280 Hieremiae
469 4221 619 4298 Propbctae
639 4221 704 4300 (cii.
723 4222 795 4301 1-7)
1058 4288 1060 4294 ,

197 4315 235 4374 In
249 4317 352 4375 diebus
365 4317 433 4390 illis,
448 4316 557 4375 Factus
578 4324 731 4376 est-sermo
746 4318 869 4377 Domini
882 4319 920 4378 ad
933 4339 989 4392 me,
1005 4320 1122 4379 dicens:
1144 4320 1196 4379 Sta
1209 4322 1240 4378 in
1255 4327 1340 4399 ports

142 4393 239 4454 domus
252 4398 376 4456 Domini
395 4418 486 4474 usque
506 4400 547 4456 ad
566 4399 599 4456 in
619 4406 707 4471 terra,
723 4419 812 4477 quam
832 4400 900 4458 dedi
920 4402 1056 4478 patribus
1068 4403 1214 4475 cestriae
1234 4404 1339 4463 saeculo

148 4481 178 4532 et
187 4496 273 4555 nsque
286 4479 319 4537 in
332 4478 480 4554 saeculum,
496 4478 570 4538 dicit
583 4481 730 4538 Dominus
743 4480 937 4559 omnipotens
