2926 4996
587 346 690 412 Facio
703 345 748 412 ci.
765 344 808 412 irc
821 345 1012 411 Porosceve.

203 564 1398 670 {m

235 705 392 761 volun-tas
413 707 502 773 tu-a‚
536 701 630 759 si-cut
649 702 683 758 in
710 721 769 759 cae-
782 701 819 776 lo,
862 707 893 760 et
933 701 967 758 in
999 706 1098 759 ter-rs
1124 701 1240 759 Panem
1259 706 1389 759 nostrum

217 1022 567 1101 quo-ti-di-a-numda
586 1021 683 1078 no-bis
709 1020 866 1080 hodi-e:
894 1021 936 1079 Et
972 1021 1090 1080 dimitte
1116 1021 1222 1079 nobis
1242 1022 1382 1080 ds-bi-te

225 1355 336 1422 nostra,
358 1349 453 1405 si-out
473 1354 502 1405 et
523 1366 577 1405 nos
605 1347 830 1405 di-mitti-mus
850 1346 1088 1408 debito-ribus
1104 1347 1222 1405 nostrin
1255 1348 1298 1406 Et
1327 1367 1364 1406 ne

207 1487 955 1633 ff

244 1689 297 1728 nos
317 1669 485 1726 in-du-oas
511 1669 544 1725 in
568 1669 758 1727 ten-ta·ti-
775 1688 908 1727 o-nem.

265 1827 567 1905 Otcrusresportdcat.
611 1827 669 1885 Sed
682 1827 775 1885 libers
787 1827 969 1887 nosomulo.
998 1826 1106 1885 Arnen
1149 1827 1265 1887 Deinde
1278 1829 1374 1890 dmm:

264 1909 372 1967 Libere
405 1929 467 1982 nos,
504 1928 679 1985 quaesumus,
715 1908 850 1980 Domine,
878 1907 917 1966 ab
949 1908 1086 1966 omnibus
1117 1908 1205 1966 malis
1237 1910 1400 1986 preteritis,

204 1991 405 2066 praesentibus,
431 1996 462 2048 et
482 1990 592 2047 futuris
603 2009 612 2062 ;
641 1995 672 2047 et
695 1989 896 2047 intercedente
916 2007 970 2064 pro
993 1987 1078 2047 nobis
1104 1988 1191 2047 besto
1222 1998 1253 2049 et
1281 1988 1402 2069 glorioso

203 2091 317 2147 semper
345 2070 460 2147 virgine
490 2071 548 2128 Dei
578 2070 721 2147 genitrice
748 2070 855 2142 Maria,
881 2074 912 2127 et
935 2068 1028 2127 beatis
1051 2069 1205 2146 Apostolis
1229 2070 1293 2129 tuis
1316 2070 1402 2131 Petro

204 2158 234 2209 et
262 2151 356 2209 Paulo
379 2157 468 2227 atque
493 2151 625 2223 Andrea,
651 2170 719 2208 curn
747 2151 883 2207 omnibus
911 2149 1035 2224 Sanctis,
1064 2150 1102 2208 ds
1131 2150 1282 2228 propitius
1307 2172 1403 2231 paoem

203 2234 236 2288 in
260 2233 363 2290 diebus
384 2231 492 2290 nostris
503 2251 512 2304 3
538 2239 573 2289 ut
594 2251 648 2307 ope
670 2230 874 2288 misericordiae
896 2236 956 2288 tuae
976 2231 1080 2308 adjuti,
1094 2236 1125 2289 et
1141 2251 1159 2288 s
1175 2239 1299 2308 peccato
1317 2234 1404 2292 simus

204 2332 317 2389 semper
330 2312 424 2385 liberi,
440 2320 471 2370 et
483 2315 521 2370 ab
539 2313 620 2370 omni
640 2312 861 2388 perturbatione
882 2311 983 2369 securi.
1026 2311 1084 2370 Per
1102 2312 1230 2370 eundern
1242 2313 1405 2372 Dominum

203 2400 338 2451 nostrum
357 2393 380 2452 J
381 2413 463 2450 esum
484 2393 636 2450 Christum
656 2393 767 2450 Filium
788 2398 883 2466 tuum,
905 2392 958 2469 qui
978 2398 1077 2451 tecum
1097 2393 1175 2451 vivit
1195 2399 1228 2453 et
1248 2400 1355 2473 regnet
1374 2395 1405 2453 in

204 2476 320 2532 imitate
335 2474 463 2551 Spiritus
477 2474 579 2532 Sancti
592 2473 681 2531 Deus.

263 2555 304 2613 In
317 2575 377 2631 quo
390 2555 518 2613 oratione
531 2555 646 2613 dimdot
656 2554 770 2630 eorpus
779 2553 910 2626 Domini,
925 2554 999 2613 suut
1004 2553 1075 2630 fieri
1086 2553 1155 2614 solet
1167 2555 1203 2613 dn
1215 2554 1287 2617 abiis
1299 2556 1403 2619 dictus

205 2637 310 2695 Postea
323 2636 402 2694 dictu
415 2637 543 2694 modesto
555 2654 619 2694 voce
628 2659 638 2695 :

352 2770 365 2778 .

352 2801 380 2817 -h

370 2842 376 2848 ⁸
532 2856 1062 2890 mu
1113 2857 1228 2891 Ι-

415 2954 670 3012 Perom-ni-st
714 2954 891 3012 sae-cu-ls
932 2954 1198 3014 sae-cu-lo-rum.

265 3085 334 3144 Non
348 3087 464 3144 dicotur
478 3087 543 3144 Pax
557 3086 687 3154 Domini,
701 3106 752 3145 uec
765 3086 870 3164 Agnus
884 3087 960 3160 Dei3
982 3107 1033 3145 nec
1041 3107 1105 3163 parc
1121 3087 1225 3158 dotum·
1244 3089 1299 3147 sed
1311 3089 1406 3147 mutim

205 3167 341 3225 mittatur
364 3167 515 3243 porticulo
537 3168 648 3225 Hostiae
671 3168 705 3224 iu
729 3167 878 3238 Calicem
908 3188 958 3226 nec
982 3168 1099 3226 dicotur
1122 3168 1198 3226 Haeo
1224 3175 1407 3228 sacrosancta

205 3248 385 3320 commixtio,
400 3268 451 3306 seu
466 3248 617 3307 Orationes
636 3247 703 3305 alim
723 3269 787 3323 quoe
805 3257 975 3324 sequumur,
990 3249 1063 3322 quio
1083 3249 1118 3306 irc
1135 3248 1175 3307 eis
1189 3252 1231 3324 fit
1248 3250 1358 3309 nteriori>
1372 3250 1406 3309 de

205 3328 363 3404 sanquine,
386 3330 439 3405 qui
457 3329 542 3388 hodie
567 3348 628 3387 non
648 3337 837 3387 consecratur.
891 3329 933 3387 nt
955 3329 1060 3405 absque
1082 3329 1235 3389 interuallo
1259 3330 1406 3389 Prolottu

205 3411 332 3485 seipsum
353 3410 540 3468 communicet
560 3409 700 3468 dicendo:

266 3490 379 3566 Corpus
393 3491 516 3548 Domini
535 3491 630 3547 nostri
642 3490 664 3548 J
666 3510 717 3547 esu
731 3489 843 3548 Ohristi
863 3490 902 3548 sit
919 3489 994 3548 mihi
1008 3490 1173 3549 remedium
1192 3491 1405 3568 sempiternum

205 3571 239 3628 in
252 3571 346 3628 vitem
360 3577 509 3629 aeternam.
551 3572 659 3628 Amen.

266 3652 307 3709 Et
319 3656 401 3728 ficut
420 3651 653 3710 resinccrctioncs
672 3670 750 3710 more
769 3650 859 3723 solito,
878 3651 1018 3710 diceudo:
1038 3651 1126 3721 Quod
1145 3671 1197 3709 ore
1217 3652 1403 3731 sumpsimus,

207 3732 344 3804 Domine,
360 3753 434 3808 pura
447 3738 546 3790 mente
566 3732 724 3808 capiemus,
738 3737 768 3789 et
782 3732 819 3790 de
835 3750 956 3790 munere
970 3731 1127 3810 temporali
1143 3732 1197 3791 fiet
1209 3733 1298 3792 nobis
1316 3752 1406 3793 rome·

207 3814 290 3870 dium
304 3815 516 3889 sempiternum
528 3814 562 3870 in
574 3814 669 3871 vitem
682 3821 831 3872 aeternam.
874 3814 982 3871 Arnen.

267 3895 338 3952 Non
364 3895 482 3952 dicatur
503 3894 579 3951 Hrec
606 3914 668 3967 nos,
693 3893 829 3967 Domine,
854 3894 1021 3952 communio
1047 3898 1154 3970 purget
1180 3914 1200 3952 s
1223 3894 1356 3966 crimine,
1375 3901 1406 3953 et

206 3974 329 4032 caelestis
342 3975 465 4032 remedii
477 3975 567 4032 faciet
577 3993 638 4032 esse
651 3979 807 4032 consortes.
843 3973 902 4032 Per
915 3974 1067 4032 Christum
1080 3974 1245 4033 Dominum
1259 3982 1403 4035 nostrum

206 4053 314 4112 Amen
357 4054 419 4113 Nec
437 4065 576 4130 sequatur
596 4054 716 4113 Placeat
735 4055 792 4112 tibi
811 4054 919 4114 Sancto
934 4054 1074 4128 Trinitas,
1088 4055 1161 4130 quio
1180 4056 1223 4114 iti
1242 4056 1407 4116 cominatur

206 4143 323 4210 praesta,
343 4141 378 4192 ut
397 4136 451 4194 hoc
471 4136 653 4209 sucrificium,
673 4137 752 4213 quod
770 4136 861 4194 oculis
880 4141 940 4194 tuce
960 4136 1121 4212 mejestatis
1141 4137 1283 4214 indignus
1300 4137 1404 4196 obtuli.

206 4216 274 4273 Hoc
287 4215 364 4272 euim
378 4216 424 4274 die
441 4218 617 4292 sacrificium
634 4238 694 4275 non
707 4217 826 4292 ‹pfectur
839 4217 1093 4290 commmentaliter,
1108 4218 1157 4276 sed
1169 4217 1301 4276 sumitur
1313 4217 1409 4278 altera

206 4296 254 4354 die
268 4295 401 4353 oblatum.
444 4297 571 4356 Praeuto
591 4307 689 4357 cutem
709 4318 775 4356 ccum
793 4297 905 4356 silentio
919 4298 1137 4371 commitata,
1151 4306 1187 4356 ut
1198 4297 1408 4376 proemittitur,

207 4396 273 4434 cum
293 4375 398 4447 ceteris,
420 4377 473 4451 quc·
493 4379 703 4437 communicare
719 4378 869 4451 redierint,
888 4379 966 4438 idem
986 4378 1133 4438 Prolatus
1152 4379 1194 4437 ad
1214 4378 1320 4440 Altam
1340 4400 1410 4440 oum

206 4457 277 4530 scis,
297 4466 323 4516 et
339 4457 374 4515 iu
388 4455 483 4517 storo
501 4459 563 4517 tini
578 4468 604 4518 et
622 4460 692 4532 birci,
714 4461 815 4520 dicunt
827 4460 973 4536 privaturi
991 4460 1125 4536 Vesperas
1141 4459 1408 4539 couscriptum,
