2926 4996
128 322 191 382 248
216 403 217 406 Ἴ
401 319 495 383 Dora.
520 318 586 382 uui.
608 324 683 403 poet
709 317 845 383 Ouirouue
866 319 1072 384 Pentecosten

614 543 715 599 Furem
738 543 847 600 Suum.

188 674 240 730 Au
256 673 440 731 Timotheum
461 674 476 746 (
482 674 494 728 1
520 673 555 729 oi.
576 672 692 748 17-19).

189 754 365 811 Oarissime:
400 755 531 829 Praeoipe
559 753 703 809 divitibus
734 772 825 826 usque
853 751 895 808 od
920 757 955 808 ut
982 752 1208 828 apprehendant
1236 771 1326 810 verum

129 835 235 893 vitam.

190 931 358 990 ›S'ecuadaue
372 933 483 989 Ductori
505 932 559 1005 (oi.
577 931 694 1007 22-35).

190 1013 230 1069 In
251 1014 304 1070 illo
326 1019 466 1089 tempore,
478 1013 577 1084 ⁴Dixit
595 1012 616 1068 J
618 1032 684 1068 esus
698 1010 850 1087 discipulis
868 1012 947 1069 suis:
973 1011 1061 1069 Beati
1082 1012 1175 1084 eritis,
1195 1033 1262 1070 eum
1283 1031 1326 1070 vos

129 1095 246 1152 oderint
260 1096 393 1151 homines
407 1115 497 1168 aspere
512 1095 551 1150 ud
566 1099 596 1149 et
610 1093 667 1149 erit
681 1112 791 1150 merces
805 1098 903 1150 vestra
917 1094 1013 1150 multa
1026 1095 1059 1150 iu
1073 1094 1159 1151 eaelis.

263 1309 423 1364 Dourrreu
444 1306 602 1363 Vrorsum
623 1322 719 1362 remu
741 1322 812 1362 rose
832 1305 974 1363 Ooruvus
996 1304 1216 1361 Purrucosrus.

194 1437 334 1510 Officium.

192 1518 230 1573 In
244 1519 400 1574 voluntate
414 1524 475 1589 tua,
486 1516 622 1586 Domine,
633 1516 772 1573 universa
786 1521 856 1573 sunt
869 1515 982 1592 posite,
1002 1522 1031 1572 et
1045 1535 1104 1572 non
1120 1520 1165 1572 est
1180 1515 1232 1591 qui
1246 1513 1327 1590 possit

130 1599 264 1655 resistere
285 1598 436 1654 voluntati
454 1603 532 1654 tuae:
553 1605 587 1653 tu
601 1598 681 1653 euim
695 1598 791 1654 fecisti
806 1599 912 1667 omnia,
928 1597 1032 1654 caelum
1046 1602 1077 1653 et
1090 1602 1212 1668 terram,
1227 1603 1257 1653 et
1269 1596 1328 1651 uui-

129 1699 214 1758 versa
228 1700 293 1755 quae
308 1680 371 1735 eseli
385 1679 501 1735 ambitu
515 1679 724 1736 eontinentur:
753 1679 902 1736 Dominus
915 1679 1124 1735 universorum
1138 1685 1174 1734 tu
1189 1696 1228 1734 es.

194 1773 341 1828 Paulinus.
404 1801 409 1811 ⁴

192 1855 280 1909 Beati
294 1853 478 1909 imaculati
492 1853 525 1909 in
538 1853 605 1909 via:
626 1853 679 1928 qui
693 1853 849 1909 ambulant
862 1853 894 1908 in
908 1853 971 1928 lege
986 1852 1117 1909 Domini.

195 1935 304 1991 Oratio,

196 2017 327 2091 Largium,
345 2034 522 2090 quaesumus,
539 2015 678 2086 Domine,
693 2015 830 2071 fidelibus
850 2015 911 2070 tuis
931 2014 1148 2088 indulgentiam
1163 2013 1296 2088 placatus
1307 2016 1332 2068 et

130 2118 250 2176 paoem3
281 2105 316 2153 ut
344 2098 456 2171 pariter
483 2097 520 2152 ab
544 2097 682 2152 omnibus
710 2097 935 2152 immineniibus
959 2095 1141 2152 mundentur
1166 2095 1285 2153 offensis
1306 2100 1332 2150 et

133 2200 235 2239 secura
248 2179 306 2234 tibi
319 2183 419 2235 mente
433 2177 609 2236 deserviant.
653 2177 720 2234 Per.

191 2277 242 2333 Au
256 2275 395 2350 Ephesios
416 2274 471 2351 (oi.
491 2274 609 2349 leb-17¹).

193 2359 331 2415 Fratres:
353 2356 571 2413 Oonfortamini
586 2358 615 2412 in
633 2356 763 2412 Domino
778 2361 808 2412 et
823 2355 855 2411 iu
875 2356 1011 2430 potentia
1024 2354 1147 2412 virtutis
1167 2355 1233 2431 ejus
1253 2372 1334 2430 usque

131 2442 171 2498 od
185 2446 216 2496 et
229 2439 362 2515 gladium
378 2437 516 2512 Spiritus,
532 2438 611 2512 quod
625 2445 669 2493 est
683 2439 807 2494 verbum
822 2436 888 2493 Dei.

197 2530 332 2589 Grodul.

193 2613 332 2682 Domine,
348 2611 495 2686 refugium
510 2610 606 2666 faetus
621 2631 651 2666 es
666 2612 768 2666 uobis:
789 2611 1010 2685 regeneratione
1024 2616 1054 2668 et
1068 2610 1216 2686 progenie.

139 2695 168 2752 V.
196 2693 376 2768 Priusquam
390 2697 506 2748 montes
517 2692 631 2761 fierent,
643 2698 696 2747 aut
710 2692 889 2748 formaretur
903 2697 983 2748 terra
998 2697 1027 2748 et
1042 2691 1139 2749 orbis:
1160 2711 1179 2748 a
1192 2690 1297 2749 soeculo
1310 2695 1338 2747 et

133 2777 166 2832 in
181 2775 321 2831 sarculum
335 2782 369 2830 tu
385 2794 414 2828 es
430 2775 521 2832 Daue.

195 2855 344 2929 Alleluya.
384 2856 412 2910 Γ.
437 2855 571 2910 Dextera
586 2854 710 2910 Domini
724 2853 795 2910 feeit
808 2854 969 2911 virtutem:
991 2853 1113 2911 dextera
1126 2851 1253 2910 Domini
1266 2849 1339 2910 exal·

135 2938 213 2994 tavit
227 2955 283 2992 me.

195 3031 364 3090 Secundum
378 3031 544 3092 Jolruouou
565 3030 618 3107 (io.
637 3031 755 3108 46-53).

195 3115 234 3172 In
255 3114 307 3169 illo
328 3121 468 3188 tempore,
485 3114 559 3169 Erat
579 3113 701 3188 quidam
722 3111 950 3187 1·eguhm‚oujus
968 3110 1048 3168 filius
1068 3111 1278 3170 infirmabatur
1290 3109 1340 3168 (fa-

134 3198 298 3272 pharnaum
314 3216 404 3268 ‘usquo
419 3197 459 3251 cut
475 3195 515 3250 Et
529 3194 654 3251 eredidit
669 3195 740 3269 ipse,
756 3200 787 3250 ot
800 3193 905 3249 domus
919 3193 983 3268 ejus
996 3199 1069 3249 tota.

199 3289 394 3360 Offertoriuur.

197 3370 258 3426 Vir
278 3376 342 3425 erat
363 3370 395 3424 in
416 3375 496 3425 terra
516 3368 636 3424 nomine
650 3368 719 3437 Job,
735 3367 862 3442 simplex
882 3371 913 3423 et
933 3372 1031 3423 rectus
1051 3385 1084 3423 ao
1104 3367 1215 3424 timens
1228 3366 1341 3425 Deum:

137 3471 225 3527 quem
240 3451 332 3506 Satan
353 3451 449 3525 petiit,
465 3457 501 3505 ut
515 3454 662 3506 tentaret:
685 3456 715 3504 et
729 3449 799 3504 data
813 3454 858 3504 est
878 3453 1009 3522 potestas
1023 3467 1041 3503 a
1054 3446 1185 3504 Domino
1203 3449 1237 3504 in
1254 3446 1342 3506 facul·

137 3539 201 3589 tate
220 3537 250 3587 et
270 3531 303 3586 in
324 3551 409 3587 carno
431 3531 511 3605 ejus:
533 3530 719 3605 perdiditque
740 3548 857 3586 omnem
877 3529 1074 3586 substantiam
1096 3529 1189 3604 ipsius
1209 3534 1241 3587 et
1260 3529 1342 3600 filios,

141 3632 257 3670 earnem
273 3632 388 3687 quoque
403 3613 465 3687 ejus
479 3612 562 3687 gravi
577 3611 673 3668 ulcere
687 3610 864 3668 vulneravit.

202 3695 322 3752 b'erreto.

201 3775 356 3832 Caelestem
374 3774 459 3830 nobis
476 3774 626 3849 praebeant
641 3773 702 3828 haeo
716 3772 865 3847 mysteria,
882 3791 1059 3847 quaesumus,
1074 3770 1212 3844 Domine,
1228 3769 1343 3830 medici·

140 3876 228 3927 uam3
250 3863 280 3912 et
293 3856 368 3911 vitia
382 3855 477 3911 nostri
492 3855 621 3930 corporis
635 3860 809 3929 expurgent.
853 3853 911 3910 Per
925 3853 1097 3911 Dominum.

206 3948 388 4006 Corumuuio

203 4029 243 4085 In
267 4029 391 4086 salutari
414 4036 467 4085 tuo
491 4029 590 4084 anima
613 4048 694 4084 mea:
716 4028 799 4084 etin
819 4029 942 4085 verbum
963 4032 1051 4084 tuum
1071 4027 1205 4103 speravi:
1229 4025 1344 4104 quando

142 4112 230 4168 facies
244 4111 280 4166 de
294 4111 537 4186 persequentibus
551 4129 598 4166 me
611 4109 777 4184 judioiunri
797 4109 894 4184 iniqui
907 4109 1053 4184 persecut-i
1066 4119 1138 4165 sunt
1152 4128 1217 4166 me:
1238 4109 1344 4185 adjuva

145 4212 201 4260 me,
219 4192 347 4248 Domine
361 4192 444 4248 Deus
457 4210 547 4248 meus.

207 4285 447 4342 Postoommuuio.

204 4365 250 4421 Ut
270 4367 367 4437 saeris,
385 4365 522 4437 Domine,
540 4365 698 4421 reddamur
718 4363 803 4438 digni
822 4363 1004 4436 muneribus,
1015 4363 1068 4422 ¹fac
1089 4383 1152 4438 nos,
1168 4382 1343 4442 quaesumut,

142 4445 204 4503 tuis
217 4465 332 4523 semper
345 4447 463 4505 obedire
477 4447 632 4503 mandatis
676 4446 735 4502 Per
749 4446 921 4502 Dominum.
