2926 4996
133 382 196 444 252
400 378 494 443 Doni.
517 401 588 443 ssa
608 388 683 464 post
708 380 843 445 Octavus
864 380 1070 445 Pentecostcs.

195 545 378 604 Communia
422 546 498 604 Dico
512 547 603 605 vobis.

193 626 435 686 Poslconemunio.

193 709 376 781 Quaesumus,
393 708 579 784 omnipotens
600 708 692 779 Deus,
708 714 743 765 ut
764 727 837 784 quos
856 707 958 766 divina
979 707 1088 764 tribuis
1109 707 1332 785 participatione

131 789 266 865 gaudere,
278 789 417 847 humanis
430 810 491 847 non
505 790 584 846 sinas
598 790 746 865 subjacere
761 789 907 864 periculis,
943 788 1003 846 Per
1013 789 1179 848 Dominum
1194 795 1331 848 nostrum

603 990 703 1047 Fnura
725 990 861 1059 Quiane.

192 1113 242 1168 Ad
256 1113 403 1170 Ia'ornonos
423 1113 479 1189 (oei.
498 1113 612 1189 25-36).

192 1194 329 1250 Fratres:
350 1195 380 1249 N
383 1194 429 1250 010
444 1214 496 1250 vos
510 1195 646 1269 ignorare
660 1195 835 1267 mysterium
849 1193 904 1251 hoc
925 1214 1015 1269 osque
1035 1197 1076 1252 od
1097 1195 1164 1272 Ipsi
1184 1196 1226 1253 sit
1246 1195 1334 1254 honor

131 1280 161 1329 et
175 1274 268 1348 gloria
282 1276 313 1331 in
328 1276 434 1331 seecnla
448 1277 628 1331 saecnloium.
672 1274 780 1332 Amen.

191 1373 359 1430 Secundam
373 1374 511 1429 illorcane
533 1372 596 1449 (ocii.
613 1373 722 1450 28-34).

191 1455 229 1510 in
257 1455 309 1510 illo
336 1461 476 1529 temporo,
504 1454 706 1530 interrogavit
733 1454 840 1510 Jesum
867 1473 944 1510 unus
970 1454 1008 1511 de
1036 1453 1138 1511 scribis
1161 1455 1236 1530 quid
1263 1457 1332 1513 esset

130 1535 259 1610 primum
274 1535 407 1591 omnium
420 1535 594 1591 mandatnm
608 1555 699 1608 osque
713 1536 753 1591 od
767 1535 838 1592 Non
852 1555 882 1592 es
896 1535 982 1612 longe
997 1555 1014 1593 a
1028 1554 1117 1612 regno
1133 1535 1200 1592 Dei

614 1730 715 1787 Fauni
739 1731 848 1788 Serra,

191 1847 243 1906 Ad
255 1847 391 1905 Hebraeos
413 1848 450 1925 (oc
470 1848 582 1925 19-27).

191 1929 330 1987 Fratres:
354 1930 510 1986 Habentes
535 1930 673 1987 fiduciam
698 1931 732 1986 in
756 1930 885 1987 introitu
907 1935 1075 1988 sanctorum
1098 1951 1189 2005 osque
1209 1931 1251 1988 ad
1273 1949 1331 2007 quae

128 2016 341 2086 consumptura
356 2016 400 2067 est
414 2011 605 2067 adversarios,

191 2108 358 2165 Secundam
373 2109 549 2164 illoltliccuna
571 2109 641 2182 (rai
659 2109 768 2184 28-32).

191 2191 229 2245 In
261 2190 313 2244 illo
345 2197 485 2264 tempore,
516 2189 605 2245 Diait
632 2190 653 2246 J
656 2209 721 2245 esus
749 2189 845 2246 turbis
872 2188 1056 2260 Judaeorum,
1086 2188 1189 2246 Homo
1218 2189 1332 2264 quidam

35 2336 39 2345 Ι
130 2271 235 2326 habuit
263 2271 336 2326 duos
360 2270 436 2325 filios
464 2291 553 2344 osque
582 2269 624 2326 od
656 2290 710 2326 nec
744 2270 950 2345 poemtentiem
984 2270 1131 2326 habuistis
1147 2271 1275 2346 ‘postea
1301 2276 1332 2327 ut

130 2352 286 2407 crederetis
301 2351 334 2407 ei.
379 2350 439 2419 Qui
454 2351 543 2408 habet
558 2371 642 2408 aures
657 2351 805 2421 audiendi,
821 2351 929 2407 audiat.

252 2566 415 2623 Donrurca
435 2566 592 2624 Vrcnsnm
613 2583 728 2634 oornra
750 2583 821 2625 rosr
843 2567 985 2626 Oomvas
1007 2567 1231 2626 Purrneosrrs.

193 2686 332 2760 Officium

191 2769 273 2825 Dicit
299 2770 454 2840 Dominus
480 2789 532 2845 ego
558 2770 654 2845 cogito
679 2769 873 2844 cogitationes
897 2771 977 2845 pacis
1005 2776 1035 2827 et
1062 2790 1124 2828 non
1150 2770 1332 2829 afflictionis:

129 2850 306 2906 invocabitis
321 2870 384 2906 me:
407 2859 437 2908 et
452 2869 505 2925 ego
520 2852 677 2907 exaudiam
692 2870 761 2907 vos:
784 2858 814 2907 et
828 2851 967 2909 reducam
988 2852 1194 2927 captivitatem
1210 2862 1333 2910 vestram

131 2931 167 2985 de
183 2932 297 2986 cunctis
311 2930 389 2987 locis

196 3011 338 3070 l'solnius

190 3092 383 3162 Benedixisti,
398 3093 537 3164 Domine,
553 3099 663 3149 terram
676 3099 778 3150 tuam:
799 3094 934 3150 avertisti
947 3094 1153 3169 captivitatem
1166 3094 1189 3153 J
1190 3095 1268 3152 acob.

194 3175 302 3231 (lron'o.

191 3254 307 3324 Excita,
324 3254 460 3326 Domine,
484 3274 660 3329 quaesumus,
684 3261 803 3311 tuorum
824 3255 956 3312 fidelium
976 3255 1165 3329 volimtates;
1186 3262 1222 3314 111
1242 3253 1334 3313 divini

130 3335 224 3408 ‹iporis
252 3334 382 3391 fructum
407 3335 580 3410 propensius
604 3342 808 3410 exsequentes,
833 3337 954 3412 pietatis
981 3342 1040 3394 tuae
1067 3337 1199 3396 remedia
1225 3337 1334 3414 majore

130 3415 301 3491 percipiant.
346 3417 405 3472 Per
419 3416 591 3472 Dominum.

190 3513 618 3588 116011οΠ1616111116[1011110116
635 3514 728 3589 (1110111.
747 3514 815 3591 5-8).

191 3593 265 3649 Ecce
279 3593 341 3650 dies
356 3595 489 3664 veniunt,
506 3595 578 3652 dicit
592 3595 749 3665 Dominus,
764 3602 794 3652 61
808 3595 955 3652 suscitabo
970 3595 1070 3653 David
1082 3615 1205 3672 germen
1218 3597 1334 3673 justum

130 3695 219 3747 aspro
234 3677 273 3730 od
288 3682 318 3731 61
331 3675 510 3732 habitabunt
525 3677 557 3731 in
570 3682 649 3732 terra
663 3697 724 3746 sun,
740 3676 813 3733 dicit
827 3676 975 3734 Dominus
988 3679 1183 3752 omnipotens,

194 3755 328 3812 (lrodole.

191 3836 337 3893 Liberasti
358 3856 419 3908 nos,
436 3836 572 3908 Domine,
588 3857 625 3893 ex
646 3838 844 3914 affligentibus
857 3857 931 3897 nos:
953 3843 984 3895 61
1000 3857 1048 3896 eos
1065 3838 1118 3915 qui
1137 3858 1193 3896 nos
1210 3840 1334 3899 oderunt

131 3917 298 3974 confudisti.

135 3999 162 4056 l'.
189 3998 229 4053 In
243 3999 307 4055 Deo
322 3998 509 4055 laudabimur
520 4005 584 4055 tota
598 3999 644 4055 dic
658 4021 663 4056 :
686 4006 716 4055 et
730 3999 844 4057 nomini
858 4005 910 4057 tuo
925 3999 1132 4058 confitebimur
1141 3999 1176 4058 in
1188 4000 1304 4061 saecule.

188 4079 337 4154 Alleluya.
397 4080 425 4137 V.
464 4080 523 4149 Qui
550 4080 649 4155 posuit
676 4082 749 4137 fines
776 4088 844 4137 tuos
871 4100 991 4157 pacem:
1025 4086 1056 4139 61
1082 4081 1169 4157 adipe
1192 4078 1335 4141 frumenti

130 4159 219 4216 sabini
232 4167 269 4216 ie.
419 4158 421 4163 Ι

189 4255 356 4313 Secundum
370 4256 396 4310 J
395 4257 535 4314 ollonnam
552 4257 599 4335 (oi.
614 4257 706 4334 5-14).

190 4336 229 4391 111
242 4337 293 4394 1110
310 4344 448 4413 tempore,
465 4338 541 4395 Oum
555 4338 737 4395 sublevasset
751 4339 850 4396 oculos
863 4339 885 4397 J
887 4359 962 4412 esus,
973 4346 1004 4398 et
1013 4339 1138 4399 vidisset
1151 4341 1225 4417 quia
1238 4339 1335 4400 multi·

129 4416 201 4472 tudo
216 4419 345 4474 maxima
359 4419 442 4475 venit
459 4419 497 4475 ad
516 4439 592 4489 eum,
608 4419 681 4476 dicit
701 4420 739 4476 ad
760 4420 934 4496 Philippum
952 4441 1043 4496 usquc
1065 4423 1106 4480 od
1125 4421 1205 4492 Quia
1223 4423 1274 4482 hio
1292 4425 1335 4481 eet

129 4517 197 4554 vere
211 4499 363 4574 propheta,
380 4500 431 4574 qni
445 4505 590 4556 venturus
604 4506 649 4557 est
663 4500 695 4556 in
709 4501 862 4559 mundum.
