2926 4996
459 357 561 422 Faria
575 357 676 428 cisia
689 357 874 423 Parascecc.
1205 363 1267 426 103

67 523 181 583 locatur
200 524 373 582 liateaaiao
392 524 592 600 supersidere
612 545 746 584 mancae.
788 524 899 582 Partiti
918 529 989 581 sunt
1008 525 1186 584 vestimenta
1203 545 1269 584 mea

68 605 135 680 sibi,
151 624 242 681 usqae
255 606 297 663 ad
310 604 385 682 (xia.
404 604 460 683 30)
473 605 515 663 Et
527 605 669 664 inclinato
683 605 777 683 capite
790 605 914 663 tradidit
927 605 1071 682 spiritum.
1160 651 1162 656 .

62 726 67 736 ·
542 702 632 760 Pater
644 708 751 761 noster.

128 795 152 854 J
153 793 230 852 udaei
250 813 318 871 ergo
339 794 479 870 quoniam
499 794 660 853 Parascere
681 800 752 868 erat,
774 801 810 853 ut
831 815 893 853 non
916 801 1103 854 remanerent
1125 797 1159 853 in
1182 816 1267 856 cruce

67 895 191 953 corpora
203 875 325 932 sabbato
338 895 427 950 usqae
440 876 481 933 ad
498 874 538 933 Et
555 876 664 933 iterum
678 876 743 934 alia
765 875 918 954 Scriptura
938 876 1029 936 dicit:
1050 876 1213 950 Videbunt,
1234 879 1268 935 in

66 975 156 1032 quem
169 956 390 1013 transfixerunt.

127 1036 322 1112 Evangeliam
334 1035 381 1113 (S.
397 1034 425 1091 J
422 1056 509 1095 caua.
523 1037 582 1094 crica
600 1036 713 1114 38-42).

128 1117 203 1175 Post
218 1118 280 1174 haec
293 1123 393 1175 autem
410 1117 525 1193 rogavit
539 1118 671 1175 Pilatum
688 1117 710 1176 J
712 1117 800 1193 oseph
814 1118 851 1175 ab
865 1117 1036 1175 Arimathia
1055 1137 1145 1192 aspare
1159 1120 1199 1177 ad
1217 1120 1267 1177 Ibi

66 1216 137 1276 ergo
150 1204 270 1276 propter
284 1197 464 1256 Parasceven
477 1198 659 1271 ludaeorum,
675 1197 745 1276 quia
756 1199 847 1275 juxta
860 1203 924 1256 erat
937 1205 1170 1272 monumentum,
1184 1219 1268 1277 posu·

67 1286 157 1337 erunt
170 1279 192 1338 J
193 1276 282 1337 esum.
844 1282 845 1285 ’
1055 1329 1057 1335 ,

126 1360 198 1418 Post
211 1359 380 1418 Passionem
394 1359 551 1432 Praelutas,
565 1360 691 1418 osculato
704 1358 957 1433 Praeiudicatur
974 1360 1134 1436 Orationes,
1144 1369 1225 1419 stans
1234 1361 1268 1420 ia

66 1441 170 1499 dextra
186 1437 406 1516 paralitate.
451 1438 533 1521 [Sirra
547 1441 693 1498 Dominus
713 1442 873 1499 vobiscum.
916 1441 957 1498 Et
974 1442 1015 1499 ad
1032 1463 1269 1517 unamquamque

64 1521 189 1579 illoram
201 1522 319 1579 dicatur
332 1520 500 1580 Fleotamus
513 1541 617 1600 genua,
630 1522 690 1580 aiei
702 1523 744 1580 ad
756 1543 820 1580 eam
833 1542 898 1597 qaae
912 1542 969 1598 pro
984 1521 1099 1584 Jadaeie
1114 1532 1269 1581 oratur.—

127 1599 238 1741 Orudio.

87 1776 89 1781 ’
124 1763 260 1834 Oramus,
280 1761 464 1821 dilectissimi
486 1764 580 1837 nobis,
603 1764 760 1840 inprimis
783 1783 837 1840 pro
862 1763 993 1822 Ecclesia
1015 1771 1117 1823 sancta
1137 1765 1209 1837 Dei3
1232 1771 1267 1823 ut

64 1863 129 1902 eam
146 1843 230 1901 Deus
250 1849 281 1900 et
298 1843 445 1901 Dominus
463 1851 563 1903 noster
580 1845 739 1920 pacificare,
758 1845 896 1917 adunare,
915 1852 945 1902 et
965 1846 1111 1902 custodire
1129 1846 1268 1922 dignetur

64 1931 130 1982 toto
157 1925 229 1981 orbe
255 1931 410 1998 terrarum,
440 1925 597 2001 subjiciens
624 1925 651 1982 ci
677 1925 860 2001 principatus
888 1932 918 1984 et
944 1932 1104 2002 potestates
1112 1946 1121 1998 ;
1159 1927 1267 2002 detque

64 2005 149 2063 nobis
167 2005 300 2081 quietam
318 2010 348 2062 et
361 2006 552 2082 tranquillam
563 2007 657 2063 vitam
672 2006 845 2083 degentibus
858 2006 1019 2083 glorificare
1033 2006 1131 2065 Deum
1145 2007 1267 2064 Patrem
1382 2067 1387 2078 ,

64 2086 306 2162 omnipotentem.

121 2166 259 2225 Oramus.
301 2166 461 2225 Diaconos.
497 2167 665 2225 Electamus
679 2186 781 2244 genua.
824 2167 943 2225 Levate

126 2247 236 2306 Oratio.

122 2327 318 2404 Omnipotens
332 2328 508 2405 sempiterne
521 2327 611 2401 Deus,
627 2327 680 2404 qui
701 2327 825 2404 gloriam
845 2334 929 2385 tuam
943 2328 1079 2385 omnibus
1096 2328 1128 2385 in
1144 2326 1263 2386 Christo

62 2408 200 2485 gentibus
222 2408 368 2479 revelasti,
388 2407 504 2465 custodi
516 2427 605 2484 opera
618 2409 822 2466 misericordiae
836 2414 914 2481 tuae;
934 2416 969 2466 ut
984 2409 1113 2466 Ecclesia
1126 2414 1187 2482 tua,
1198 2415 1265 2466 toto

62 2489 131 2546 orbe
156 2488 270 2561 diffusa,
295 2489 404 2545 stabili·
418 2489 475 2544 fide
498 2488 532 2544 in
555 2489 733 2547 confessione
757 2490 804 2546 tui
826 2489 954 2547 nominis
977 2494 1150 2566 perseveret.
1207 2489 1266 2548 Per

63 2569 188 2627 eundem
202 2570 366 2626 Dominum
378 2575 521 2629 nostrum.

120 2649 278 2708 Proelataa.

121 2729 248 2788 Oramus
263 2736 294 2788 et
307 2750 360 2806 pro
374 2730 545 2788 beatissimo
558 2731 640 2807 Papa
653 2737 772 2803 nostro;
793 2737 828 2789 ut
841 2731 924 2789 Deus
942 2737 972 2788 et
990 2731 1137 2788 Dominus
1152 2737 1261 2804 noster,

62 2811 112 2886 qui
128 2811 218 2888 elegit
236 2830 304 2868 eum
316 2812 350 2867 in
363 2810 465 2868 ordine
479 2811 678 2887 Episcopatus,
695 2812 809 2869 salvum
823 2819 912 2889 atque
926 2812 1104 2870 incolumem
1118 2812 1264 2870 custodiat

63 2891 198 2949 Ecclesiae
212 2911 271 2949 suae
285 2897 391 2948 sanctae
406 2891 444 2948 ad
457 2892 617 2967 regendum
630 2893 773 2969 populum
786 2901 920 2951 sanctum
935 2893 1000 2950 Dei

120 2972 253 3031 Oramus.
296 2973 455 3030 Diacoaas.
498 2971 664 3030 Electamus
678 2993 781 3050 genua.

119 3069 232 3128 Oratio.

118 3150 315 3226 Omnipotens
342 3150 518 3227 sempiterne
546 3151 636 3222 Deus,
665 3151 749 3226 cujus
772 3149 886 3225 judicio
912 3150 1050 3208 universa
1076 3150 1240 3209 fundantur
1252 3172 1260 3223 ;

60 3231 169 3306 respice
192 3231 338 3307 propitius
359 3231 397 3288 ad
421 3250 520 3306 preces
541 3236 674 3302 nostras,
703 3238 733 3288 et
756 3231 881 3288 electum
903 3231 987 3288 nobis
1009 3231 1188 3288 Antistitem
1201 3238 1262 3290 ¹tua

59 3312 169 3387 pietate
182 3331 322 3368 conserva
330 3331 340 3383 3
364 3317 399 3369 ut
420 3311 588 3368 Christiana
607 3310 699 3388 plebs,
715 3330 780 3387 quae
794 3311 849 3368 tali
869 3312 1052 3388 gubernatur
1065 3317 1191 3383 auctore,
1207 3312 1261 3370 sub

58 3399 141 3450 tanto
156 3392 302 3450 Pontifice
315 3391 498 3450 credulitatis
512 3412 571 3449 suae
584 3392 697 3449 meritis
711 3397 860 3469 augeatur.
904 3392 963 3448 Per
976 3391 1146 3449 Dominum.

118 3471 228 3531 Oratio.
623 3520 626 3525 .

116 3553 243 3612 Oramus
263 3558 295 3611 et
315 3573 369 3630 pro
389 3553 526 3611 omnibus
544 3553 705 3630 Episcopis,
721 3553 913 3628 Presbyteris,
929 3552 1119 3624 Diaconibus,
1134 3551 1257 3610 Subdia-

57 3635 186 3706 conibus,
206 3634 373 3708 Acolythis,
392 3634 563 3706 Exorcistis,
582 3634 763 3706 Lectoribus,
784 3634 927 3707 Ostiariis,
945 3632 1171 3705 Confessoribus,
1188 3634 1270 3713 Vir-y

57 3715 181 3790 ginibus,
198 3714 316 3787 Viduis,
332 3720 363 3772 et
376 3734 430 3790 pro
444 3715 525 3771 omni
538 3715 646 3790 populo
660 3720 761 3772 sancto
775 3715 840 3772 Dei

116 3796 251 3855 Oremus.
293 3796 452 3854 Diaconos.
496 3795 663 3854 Flectamus
676 3814 779 3873 genua.

116 3891 227 3950 Oratio.

115 3972 311 4048 Omnipotens
331 3973 508 4049 sempiterne
528 3972 620 4045 Deus,
638 3973 721 4049 cujus
742 3972 855 4049 Spiritu
875 3978 973 4029 totum
993 3990 1097 4047 corpus
1119 3971 1256 4030 Ecclesiae

55 4054 254 4111 sanctificatur
274 4060 305 4112 et
326 4055 448 4130 regitur,
463 4054 570 4110 exaudi
583 4073 637 4110 nos
652 4074 704 4128 pro
717 4054 861 4111 universis
875 4052 1027 4110 ordinibus
1041 4052 1255 4128 supplicantes:

54 4141 89 4191 ut
105 4134 208 4210 gratiae
221 4140 282 4191 tuae
296 4154 419 4192 munere
433 4135 470 4191 ab
484 4134 620 4191 omnibus
633 4135 691 4191 tibi
708 4134 848 4210 gradibus
861 4132 987 4190 fideliter
1000 4133 1153 4190 serviatur.
1197 4133 1255 4190 Per

54 4213 218 4271 Dominum
231 4221 375 4274 nostrum.
418 4215 457 4272 In
471 4215 586 4273 unitate
600 4215 730 4290 ejusdem
745 4215 873 4291 Spiritus
888 4213 988 4271 Sancti
1001 4212 1090 4272 Deus.

114 4310 240 4450 (iridis
248 4397 278 4449 et
285 4412 340 4469 pro
349 4392 598 4450 Christianissimo
608 4393 792 4469 Imperatore
801 4397 902 4450 nostro
906 4411 916 4464 ;
932 4397 967 4449 ut
977 4392 1059 4451 Deus
1067 4397 1097 4450 et
1108 4390 1256 4451 Dominus

51 4479 153 4532 noster
166 4473 298 4546 subditas
311 4473 358 4530 illi
370 4473 459 4530 faciat
473 4493 573 4530 omnes
586 4473 723 4531 barbaras
736 4474 879 4545 nationes,
891 4478 922 4530 et
931 4473 1021 4531 faciat
1031 4493 1130 4549 sapere
1140 4493 1174 4529 ea
1188 4491 1253 4548 quae
