2926 4996
611 360 731 431 (ianam
752 361 872 432 Missae.
1123 335 1125 338 Ι
1278 370 1342 439 183

279 525 345 590 MS.
368 530 404 590 B.
444 567 445 570 =
567 551 577 562 ²
931 533 997 593 MS.
1019 535 1205 593 Bnrrmarr

825 638 884 696 Hic
899 637 1039 698 Sacerdos
1058 642 1208 703 inclinans
1227 663 1256 702 se
1277 654 1346 703 ante

823 719 932 792 Altarc,
949 721 1047 779 dicat:

198 814 251 872 TE
279 813 444 887 IGITUR,
472 815 699 874 clementissime
726 814 825 889 Peter,
851 837 903 893 per
924 817 1030 876 Jesum
1056 819 1208 879 Christum
1233 822 1344 881 Filium

136 914 223 971 tuum
249 913 414 972 Dominum
440 920 584 988 nostrum,
606 915 751 991 supplices
772 934 909 992 rogamus
936 936 970 974 ac
996 918 1125 994 petimus
1152 921 1199 977 uti
1224 927 1345 998 accepts

574 1013 682 1071 habeas
702 1018 733 1071 et
753 1013 908 1071 benedicas
934 1054 936 1057 ψ

822 1110 861 1169 In
887 1111 1008 1170 nomine
1032 1113 1131 1172 Patris
1159 1120 1190 1172 et
1213 1114 1285 1173 Filii
1312 1122 1343 1174 et

821 1208 950 1286 Spiritus
964 1210 1066 1269 Sancti

138 1303 195 1363 Hic
208 1305 302 1380 eriqat
312 1326 342 1365 se
360 1314 386 1364 et
399 1306 542 1365 osculetur
820 1307 881 1365 Hic
899 1308 991 1383 siqact
1004 1308 1142 1369 Sacerdos
1163 1320 1205 1369 ter
1221 1319 1282 1370 tam
1295 1331 1342 1370 sa·

136 1380 238 1444 Altare
253 1387 395 1460 faciendo
422 1388 539 1463 mamam
815 1408 871 1464 per
883 1388 1022 1448 Hostiam
1045 1411 1135 1466 qaam
1150 1391 1281 1465 Oalo'ccm,
1297 1393 1341 1451 diss

135 1485 221 1544 sapor
236 1467 373 1540 Calicem,
819 1471 928 1528 condo:

245 1564 307 1623 haec
320 1564 446 1646 dofflna,
459 1565 522 1624 haec
535 1564 710 1646 mu›1‹nern,¹
721 1565 784 1624 haec
797 1565 939 1646 sanfflcts
952 1567 1093 1627 sacrificis
1106 1569 1232 1643 illibata,

131 1758 288 1836 Imprimis
308 1779 373 1836 quse
396 1759 454 1818 tibi
474 1760 623 1818 offerimus
643 1780 696 1837 pro
718 1759 848 1819 Ecclesia
868 1767 921 1819 tna
941 1768 1042 1820 sancte
1064 1762 1224 1837 catholica,
1248 1745 1338 1840 qnam

130 1857 293 1933 pacificare,
317 1858 471 1931 custodire,
496 1859 633 1929 adimere,
656 1863 687 1915 et
714 1877 814 1935 regere
837 1859 966 1937 digneris
994 1865 1058 1917 toto
1085 1862 1156 1918 orbe
1179 1866 1335 1933 terrarum,

130 1971 195 2010 uns
233 1972 301 2010 cum
334 1953 444 2012 famulo
484 1964 537 2012 tuo
571 1953 654 2031 Papa
694 1961 796 2012 nostro
830 1955 870 2014 N.
906 1962 937 2013 et
969 1956 1120 2014 Antistite
1160 1962 1261 2015 nostro
1294 1957 1335 2016 N.

570 2212 573 2217 ,
601 2154 632 2207 et
659 2149 740 2226 Rege
766 2153 869 2208 nostro

818 2246 859 2305 N.

130 2347 162 2400 et
183 2342 322 2400 omnibus
341 2341 513 2400 orthodoxis
537 2348 627 2419 atque
647 2343 797 2401 catholicoe
821 2349 853 2401 et
873 2344 1040 2422 spostolicae
1067 2344 1136 2403 fidei
1162 2343 1333 2403 cultoribus.

130 2440 193 2498 Hic
213 2440 442 2499 commemoratio
462 2441 538 2498 m'ro-
818 2440 879 2499 Pro
891 2442 972 2500 ciris

129 2542 201 2579 ram
212 2543 222 2578 :

192 2618 355 2692 Memento,
371 2618 506 2690 Domine,
522 2616 701 2676 famulorum
714 2617 950 2696 famularumque
963 2625 1084 2678 tuarum
1097 2620 1137 2678 N.
1152 2625 1183 2678 et
1203 2619 1337 2678 omnium

129 2715 388 2773 circumstantium
415 2703 505 2792 atque
532 2715 665 2772 omnium
692 2714 823 2772 fidelium
852 2716 1089 2775 Christianorum
1119 2736 1246 2794 quorum
1278 2717 1336 2775 tibi

128 2814 201 2871 fides
230 2813 349 2889 cognita
376 2819 421 2871 est
448 2819 478 2871 et
498 2819 570 2870 note
590 2812 728 2885 devotio;
755 2832 810 2888 pro
830 2814 938 2889 quibus
959 2814 1016 2871 tibi
1039 2814 1189 2872 offerimus
1209 2814 1258 2873 vel
1282 2813 1335 2892 qui

128 2910 186 2968 tibi
208 2910 338 2967 offenmt
359 2909 414 2966 hoc
438 2910 614 2966 sacrificium
641 2908 746 2982 laudis,
767 2929 821 2985 pro
843 2929 874 2967 se
898 2911 1017 2987 suisque
1041 2911 1187 2985 omnibus,
1211 2931 1266 2988 pro
1289 2930 1335 2969 re·

128 3008 299 3086 demptione
320 3007 487 3065 animarum
507 3027 635 3079 suarum,
651 3027 704 3083 pro
723 3027 774 3084 spe
791 3008 895 3066 salutis
913 3015 943 3067 et
956 3010 1169 3068 incolumitatis
1182 3029 1251 3083 suae,
1266 3009 1335 3067 tibi-

128 3124 186 3182 que
199 3103 329 3162 reddunt
341 3110 412 3162 vote
425 3124 478 3161 sua
492 3109 603 3161 oeterno
617 3103 682 3161 Deo
698 3099 1023 3184 [Brea-Dominofor
1032 3103 1108 3185 Deo]
1124 3106 1193 3163 vivo
1208 3111 1238 3163 et
1252 3124 1332 3162 vero.

815 3201 916 3276 Infra.

190 3298 449 3358 communicantes
469 3304 500 3356 et
519 3298 692 3357 memoriam
704 3305 890 3371 venerantes,
905 3297 1053 3380 Inprimis]
1065 3299 1199 3378 gloriosse
1216 3318 1332 3376 semper

603 3394 727 3472 virginis
747 3394 862 3467 Marios,

130 3671 287 3750 genetricis
300 3672 359 3729 Dei
379 3677 410 3730 et
430 3671 554 3729 Domini
573 3668 668 3729 nostri
681 3670 703 3730 J
704 3690 756 3729 esu
772 3670 893 3744 Christi,
915 3671 972 3730 sed
993 3675 1024 3730 et
1042 3674 1194 3730 beatorum
1217 3676 1331 3749 aposto*

131 3770 226 3828 lorum
252 3789 287 3827 sc
310 3775 476 3845 martyrum
499 3774 628 3840 tuorum,
650 3767 743 3840 Petri,
765 3767 862 3840 Pauli,
878 3769 1016 3843 Andreae,
1038 3770 1151 3842 Jacobi,
1171 3768 1328 3842 Johannis,

132 3866 259 3939 Thomae,
273 3866 296 3926 J
297 3866 389 3938 scobi,
407 3865 547 3942 Philippi,
567 3863 784 3937 Bartholomaei
806 3864 955 3937 Matthsei,
977 3866 1104 3924 Simonis
1128 3871 1158 3924 et
1178 3865 1329 3940 Thsddsei,

134 3962 208 4038 Lini,
228 3963 314 4036 Oleti,
336 3962 505 4035 Clementis,
528 3961 615 4034 Sixti,
637 3960 776 4034 Cornelii,
792 3960 941 4039 Cypriani,
958 3963 1121 4034 Laurentii,
1137 3963 1330 4041 Chrysogoni,

305 4496 320 4523 θ
335 4494 404 4540 York
418 4493 520 4539 Minster
535 4491 647 4552 Librsry.
678 4493 737 4539 Sec.
747 4491 818 4540 XIV.
849 4494 922 4542 Prsss
932 4496 1008 4557 mark,
1022 4497 1072 4544 xri.
1084 4512 1105 4544 ο.
1119 4500 1140 4545 9.
