2926 4996
378 366 472 432 Doni.
494 366 517 432 i.
537 375 612 451 post
638 366 773 432 Octavus
794 366 1002 431 Pentecostes¹
1227 367 1291 436 217

99 554 196 609 sanem
211 541 241 591 et
255 535 363 591 biberit
377 535 496 591 calicem
509 533 634 591 Domini
653 534 784 610 indigne,
798 553 865 590 reus
882 534 939 591 erit
955 532 1083 609 corporis
1097 538 1128 590 et
1140 533 1292 608 sanguinis

99 616 222 687 Domini,
239 616 373 690 alleluya.

150 697 391 755 Postcomnrunio·

151 778 211 834 Fac
231 797 293 847 nos,
316 797 491 853 quaesumus,
513 776 651 847 Domine,
673 776 840 833 divinitatis
864 782 924 832 tuae
948 777 1126 851 sempiterna
1150 776 1291 833 fruitione

99 858 205 933 repleri,
221 878 310 934 quam
323 858 444 934 pretiosi
458 858 585 933 corporis
599 865 629 915 et
643 857 794 933 sanguinis
807 857 854 914 tui
868 856 1037 933 temporalis
1058 858 1206 934 perceptio
1220 877 1290 933 prae-

99 939 206 1013 figurat.
251 939 311 1008 Qui
324 940 401 995 vivis
415 944 445 994 et
459 958 571 1014 regnas.

150 1019 302 1088 *Quotidie
316 1019 400 1093 infra
413 1019 534 1076 Octavus
548 1019 665 1075 dicutur
680 1018 777 1076 eadent
788 1017 822 1073 M
822 1018 890 1089 issu,
902 1018 977 1076 sicin
989 1019 1025 1075 in
1034 1019 1088 1091 die,
1103 1019 1164 1076 nisi
1173 1018 1291 1076 Festum

99 1099 149 1157 [X.
167 1101 319 1158 lectionum
332 1101 509 1157 intercurrat
517 1122 530 1170 ,¹
551 1100 601 1157 sed
612 1099 768 1174 Sequentia
781 1100 937 1173 dividetur,
953 1110 987 1157 ut
1000 1121 1093 1176 supra
1106 1101 1217 1158 <lictum
1230 1109 1270 1157 est

99 1191 115 1237 rt
129 1183 190 1239 eine
206 1182 306 1239 Crede.

291 1330 693 1400 †Dou1moAPa1uA1>osr
715 1331 854 1390 Oomvus
876 1333 1095 1390 Pnurnoosrns.

151 1437 290 1511 Officium.

149 1519 286 1588 Domine,
297 1519 329 1574 in
340 1525 393 1574 tua
407 1517 605 1574 misericordia
619 1518 749 1592 speravi:
771 1519 934 1575 exsultavit
948 1539 1108 1576 cormeum
1121 1519 1154 1575 in
1168 1519 1291 1576 salutari

99 1619 156 1656 uo:
181 1601 304 1655 cantabo
318 1599 456 1669 Domino,
473 1600 526 1674 qui
539 1601 616 1655 bona
629 1600 736 1655 tribuit
749 1600 830 1657 mihi
1110 1607 1113 1612 ⁴

148 1680 294 1736 Peninus.

149 1760 321 1836 Usqueqrio,
350 1761 486 1831 Domine,
514 1761 695 1817 oblivisceris
723 1780 769 1817 me
796 1761 829 1817 in
856 1761 963 1818 finem:
998 1781 1150 1837 usquequo
1180 1762 1291 1819 avertis

99 1842 194 1899 aciem
207 1849 290 1898 tuam
304 1863 322 1897 a
335 1843 403 1899 mel

151 1922 260 1981 Oratio,

149 2004 232 2060 Deus
256 2004 288 2059 in
312 2011 342 2060 te
367 2003 549 2079 sperantium
576 2003 728 2073 fortitudo,
753 2004 854 2060 adesto
881 2003 1026 2079 propitius
1054 2005 1290 2061 invocationibus

99 2085 198 2141 rostris
210 2105 218 2156 3
239 2091 268 2140 et
282 2086 352 2159 quia
366 2085 472 2141 sinete
486 2084 561 2141 nihil
575 2091 672 2159 potest
691 2084 825 2141 mortalis
842 2085 1009 2156 infirmitas,
1024 2091 1130 2160 praesta
1143 2085 1291 2141 auxilium

99 2167 191 2221 ratiae
205 2173 272 2236 tuae,
288 2173 322 2220 ut
336 2166 369 2221 in
383 2166 577 2239 exsequendis
596 2166 744 2222 mandatis
763 2167 831 2236 tuis,
848 2172 879 2221 et
892 2167 1047 2223 voluntate
1060 2167 1118 2222 tibi
1131 2172 1161 2222 et
1175 2166 1289 2223 actione

99 2248 261 2303 »luceamus
304 2245 362 2302 Per
375 2246 539 2302 Dominum
552 2253 687 2302 nostrum
701 2247 723 2304 J
724 2266 806 2302 esum
821 2246 981 2302 Christum.

147 2327 243 2383 Lectio
258 2326 395 2401 Epistola
410 2327 484 2384 beuti
497 2325 646 2384 Joltunnia
658 2326 790 2402 Apostoi'
804 2326 838 2403 (l
855 2328 892 2383 iu.
909 2327 1004 2404 8-21).

148 2408 318 2464 Carissimi:
339 2408 422 2464 Deus
443 2408 550 2464 caritas
571 2415 615 2464 est
633 2428 722 2482 usque
736 2410 776 2464 nrt
789 2414 824 2464 ut
838 2409 891 2483 qui
905 2409 1003 2484 diligit
1017 2409 1124 2479 Deum,
1140 2408 1245 2485 diligat
1259 2415 1289 2464 et

99 2495 210 2545 ratrem
224 2509 317 2544 suum.

149 2569 281 2627 Gradalc.

149 2650 213 2725 Ego
228 2651 301 2722 dixi,
321 2651 458 2722 Domine,
476 2651 701 2707 misereremei:
723 2671 794 2707 sana
814 2651 944 2707 animam
964 2671 1060 2708 meam
1081 2652 1151 2727 quia
1171 2652 1289 2727 peccavi

99 2732 150 2789 ibi.

99 2813 123 2868 V.
153 2811 264 2868 Beatus
278 2813 331 2888 qui
344 2812 486 2888 intelligit
503 2832 591 2888 super
605 2832 729 2888 egenum
743 2819 773 2870 et
787 2833 945 2890 pauperem
960 2835 966 2870 :
987 2813 1020 2869 in
1034 2814 1081 2870 die
1095 2814 1173 2870 mala
1187 2814 1290 2870 libera-

99 2895 131 2949 rit
145 2914 213 2950 eum
228 2894 382 2950 Dominus.
1126 2922 1129 2929 ·

147 2975 296 3049 Alleluya.
346 2973 374 3034 V.
398 2974 499 3030 Verba
513 2994 578 3031 mea
591 2975 712 3032 auribus
726 2975 850 3051 percipe,
865 2976 1011 3033 Domine:
1032 2975 1165 3052 intellige
1186 2978 1290 3033 clamo-

99 3076 148 3113 em
163 3076 269 3112 mcum.

146 3147 234 3223 ‡Istoe
248 3148 408 3221 Sequentia
428 3148 567 3206 (licuntur
587 3147 755 3206 alternatim
775 3149 816 3205 nd
830 3147 963 3220 Missam,
979 3149 1112 3206 erunibus
1125 3149 1290 3206 Dominicis

99 3229 299 3286 lerninicnliter
323 3230 408 3286 dictis
435 3231 471 3287 ab
497 3229 612 3287 Octauio
637 3229 774 3304 Corporis
799 3228 910 3287 Christi
936 3250 1025 3304 nsque
1053 3232 1094 3287 act
1121 3231 1287 3288 Adiectura

99 3311 217 3381 y)ornini,
235 3319 431 3384 preaterqunna
451 3311 484 3368 in
498 3311 656 3367 Dorninicn
677 3312 794 3384 quaudo
816 3310 920 3384 leqitur
933 3311 1127 3384 Ecareqeiiunt
1141 3313 1175 3368 de
1187 3311 1288 3369 Putit-

99 3412 156 3448 uno
171 3401 197 3448 et
210 3390 359 3463 Plturiseo,
374 3391 501 3448 uidelicet
514 3391 602 3447 Dixit
615 3391 637 3448 J
639 3411 705 3448 esus
719 3392 756 3448 ad
770 3391 920 3466 quosdam,
936 3391 988 3449 ubi
1006 3391 1118 3449 dicetur
1130 3392 1286 3466 Sequentia

99 3474 174 3528 {tans
188 3472 314 3546 alonge,
329 3482 362 3528 ut
371 3482 453 3546 putet
467 3471 600 3546 irq‘erius.

145 3553 309 3627 Sequentia.

206 3633 287 3690 Voce
297 3634 460 3710 jubilantes
474 3653 581 3708 magna

206 3714 284 3789 Regi
297 3735 411 3771 summo
425 3715 530 3771 devote
544 3734 596 3790 per
610 3716 723 3783 saecula,

206 3795 400 3852 Personemus
414 3797 545 3852 maxima
558 3796 680 3852 laudum
694 3802 772 3852 vota.

207 3876 327 3946 Caelum,
344 3877 447 3948 sidera,
463 3878 543 3948 luna,
559 3878 610 3947 sol,
626 3882 655 3932 et
670 3877 768 3932 omnia
782 3877 916 3948 aetherea,

206 3956 313 4027 Tellus
330 3977 386 4028 aer,
403 3978 491 4027 mare,
507 3958 592 4032 ignis,
605 3958 760 4033 fontesque
774 3964 804 4014 et
818 3958 949 4031 flumina,

207 4037 311 4094 Omnis
325 4044 458 4094 creatura
472 4040 673 4095 concelebrare
687 4059 746 4095 non
761 4039 877 4095 desinat

206 4118 308 4175 Laude
322 4120 462 4176 continua
476 4127 581 4176 cuncta
595 4121 722 4176 creantis
737 4121 902 4195 magnalia3

128 4274 140 4297 *
159 4271 210 4314 Om.
222 4271 413 4315 rubrio-MSS.
426 4271 457 4328 D,
468 4272 496 4327 F,
507 4273 554 4317 and
565 4273 594 4317 G.

99 4389 104 4404 1
129 4332 141 4388 †
159 4332 191 4374 So
204 4331 282 4434 ildSS.
299 4331 346 4374 and
361 4331 431 4411 iidd‘'
446 4336 534 4390 except
549 4332 622 4376 MSS.
639 4333 662 4377 A
678 4333 726 4378 and
742 4332 762 4377 Ε
778 4332 857 4377 which
873 4333 933 4377 have
949 4336 962 4360 ‘⁶
973 4333 1107 4378 Dominus
1123 4334 1211 4378 PRIMA
1225 4345 1287 4379 Pos‘r

107 4401 190 4433 aarum
227 4401 364 4433 nmmurrs.

99 4451 141 4553 ὦ
150 4449 285 4551 Ιζωτηίτιὶσίε
300 4448 375 4494 diebus
388 4464 433 4507 por
447 4455 545 4495 <estatem
560 4464 628 4510 usqu
641 4450 674 4495 cd
687 4450 813 4495 Acircnturu
828 4448 922 4495 Domini
938 4450 1044 4496 dieantur
1060 4451 1108 4497 istoe
1124 4451 1288 4511 Sequentia:
