2926 4996
556 362 659 428 Perta
673 362 717 428 ie.
738 363 908 430 Oincrnm.
1293 369 1335 443 47

192 527 266 610 [Nec
289 538 429 605 sequatur
448 528 618 589 Versicatns
644 551 734 606 neque
756 530 865 603 Oratio,
891 533 941 590 sed
964 532 1193 591 statim—MSS.
1217 533 1263 606 B,
1286 534 1336 606 D.,

127 609 305 750 andllhllede
317 695 377 766 fiat
392 692 543 768 processio,
559 701 586 750 et
602 692 738 750 ordinato
752 694 919 769 Presbytero
940 703 966 751 ct
980 693 1131 752 Ministris
1151 693 1288 766 inditis,
1304 695 1338 752 in

127 773 225 831 medio
241 771 328 833 Oltori
343 771 455 831 Oantor
468 773 592 849 incipiat
606 774 767 831 Psalmnm.

192 865 274 922 Deus
301 866 476 922 misereatur
502 866 614 924 nostri:
648 876 675 924 et
703 875 801 939 cetera,
835 867 945 924 cunctis
974 876 1083 942 prester
1113 870 1285 926 sacerdotem
1312 878 1338 926 et

128 947 280 1005 ministros
301 967 329 1004 se
342 947 589 1022 prostemientibns
602 948 636 1004 in
651 946 752 1005 Oleoro.
795 947 897 1004 Finito
913 949 1028 1023 psatmo
1046 968 1111 1005 cnm
1126 948 1229 1006 Gloria
1244 949 1337 1021 Petri,

125 1027 249 1085 otientur
269 1027 366 1104 Kyrie
380 1027 504 1103 eleyson.
548 1027 665 1085 Christe
678 1029 803 1104 eleyson.
847 1029 944 1105 Kyrie
958 1028 1082 1104 eleyson.

333 1131 423 1189 Pater
436 1137 543 1189 noster.
587 1132 628 1188 Et
641 1151 678 1190 ne
693 1152 753 1190 nos

334 1212 533 1285 Peccavimus,
549 1211 685 1271 Domine.

374 1293 491 1368 Injuste
505 1293 625 1370 egimus,
699 1308 701 1313 ’

333 1374 469 1447 Domine,
485 1393 546 1431 non
559 1375 721 1432 secundum
733 1381 852 1451 peccate.
865 1380 967 1431 nostra
979 1375 1068 1432 facias
1082 1376 1174 1433 nobis.

374 1455 481 1531 Neque
495 1456 655 1513 seeundum
669 1456 843 1532 iniquitates
856 1464 971 1513 nostres
984 1457 1132 1514 retribuas
1145 1455 1238 1514 nobis.

192 1560 340 1618 Dominus
354 1560 512 1618 vobiscum.
556 1561 688 1619 Oremus.

194 1658 303 1716 Oratio.

191 1737 299 1796 Preces
312 1738 414 1815 populi
427 1738 482 1811 tui,
497 1758 673 1814 quaesumus,
689 1739 825 1812 Domine,
838 1740 998 1797 clementer
1012 1739 1129 1811 exaudi,
1142 1746 1176 1796 ut
1190 1741 1242 1816 qui
1258 1741 1339 1816 juste

129 1839 185 1896 pro
211 1821 339 1896 peccatis
365 1820 475 1876 nostris
501 1820 667 1896 affligimur,
694 1840 747 1897 pro
771 1821 818 1878 tui
841 1821 969 1878 nominis
995 1821 1089 1898 gloria
1113 1821 1340 1880 misericorditer

128 1903 298 1959 liberemur.
342 1900 400 1958 Per
414 1900 574 1958 Christum.

191 1997 297 2073 Sisque
310 1998 493 2072 serpentibus
506 1998 618 2056 canetis

192 2095 267 2153 Edu
304 2095 363 2152 and
401 2094 466 2152 MS.
504 2095 721 2154 O.-cantetar
823 2093 900 2176 [MS.
918 2095 1111 2156 D.—Oantor
1127 2097 1172 2154 sd
1186 2095 1341 2154 Saccentor

128 2177 240 2234 titania
260 2197 350 2251 nsque
371 2175 481 2234 Omnes
499 2175 601 2234 Sancti
614 2198 634 2234 a
647 2178 717 2234 dao-
758 2177 883 2252 incipiat
909 2177 1111 2252 Antiphonem
1141 2177 1340 2234 Immutemur

130 2258 362 2316 basRectoribas
371 2256 461 2315 Olcori
468 2257 701 2315 hebdomadariis
710 2282 720 2317 :
760 2258 874 2330 habitu,
903 2258 936 2314 in
964 2258 1061 2315 cinere
1090 2264 1120 2315 et
1147 2258 1242 2315 cilicio
1265 2259 1340 2334 jeju-

129 2339 263 2413 dictoqae
274 2337 382 2396 Sancte.
393 2337 499 2410 Maria,
505 2340 644 2413 procedat
652 2359 720 2414 pro-
761 2358 865 2396 nemus
878 2345 909 2395 et
918 2338 1070 2414 ploremus
1085 2345 1154 2396 ente
1168 2338 1340 2410 Dominum,

128 2420 217 2478 cessio
225 2441 239 2490 ;
259 2419 420 2494 qnafinita
432 2429 565 2477 cantetur
578 2421 674 2478 missa.
758 2420 828 2495 quie
848 2419 976 2475 multum
996 2419 1160 2476 misericors
1181 2426 1226 2476 est
1243 2420 1341 2476 dimit-

759 2511 824 2557 tere
851 2505 969 2576 peecate
995 2505 1096 2557 nostra
1123 2499 1205 2557 Deus
1232 2506 1353 2568 noster.¹

760 2581 801 2638 Et
829 2582 968 2656 procedat
1000 2581 1143 2656 processio
1176 2601 1267 2656 sesque
1301 2583 1342 2639 ad

761 2662 864 2719 Attare
891 2662 978 2719 beata
1005 2662 1122 2734 Mariae,
1151 2672 1186 2719 nt
1213 2663 1247 2720 in
1270 2661 1342 2720 Pro·

760 2743 910 2801 cessionali
937 2743 1105 2800 continetur.

817 2822 858 2880 In
880 2823 948 2880 aliis
969 2843 1033 2880 nero
1056 2823 1198 2896 Ecclesiis
1213 2824 1265 2882 ott
1282 2845 1343 2882 non

752 2907 793 2979 fit
807 2904 901 2979 ejectio
912 2904 1130 2976 Paenitentiam,
1147 2906 1264 2962 dicatur
1277 2925 1341 2962 ora-

761 2985 800 3041 tio
842 2984 924 3041 Deus
961 2984 1013 3060 qui
1050 2985 1216 3045 humilium.
1272 2986 1343 3042 Post

760 3066 866 3123 cineres
879 3065 1048 3122 distributos
1053 3069 1113 3140 fiat
1121 3066 1263 3142 processio
1277 3087 1343 3123 enne

760 3146 884 3202 Litania
898 3167 989 3221 usqae
1005 3146 1116 3204 Omnes
1137 3147 1239 3219 sancti,
1250 3156 1343 3222 prout

760 3227 795 3283 in
815 3229 910 3285 eodem
937 3227 1149 3285 Proeessionati
1172 3228 1340 3285 continetur.

762 3307 876 3365 Deinde
889 3308 1004 3365 dicator
1017 3309 1057 3364 M
1054 3305 1135 3387 issa]

193 3389 245 3446 Aa
258 3389 393 3446 Missam.
437 3388 577 3464 Officium

194 3468 349 3527 Misereris
370 3471 510 3542 omnium,
527 3468 663 3541 Domine,
680 3474 712 3526 et
732 3468 808 3525 nihil
829 3469 919 3526 odisti
939 3489 1041 3526 eorum
1061 3489 1126 3544 quse
1147 3468 1260 3526 fecisti:
1285 3469 1343 3527 dis-

132 3550 278 3607 simulans
292 3556 413 3626 pensata
426 3551 581 3608 hominum
599 3555 720 3627 propter
733 3550 947 3627 paenitentiam,
962 3556 993 3608 et
1006 3570 1128 3627 parcens
1141 3550 1208 3622 illis,
1225 3549 1344 3625 quintu

133 3651 165 3688 es
180 3630 329 3689 Dominus
343 3631 426 3689 Deus
439 3637 545 3690 noster.

195 3729 343 3788 Paneas.

194 3811 339 3869 Miserere
362 3811 429 3885 mei,
450 3811 542 3884 Deus,
567 3811 705 3869 miserere
728 3811 805 3868 mei:
829 3810 970 3887 quoniam
993 3809 1026 3866 in
1049 3815 1080 3867 te
1101 3809 1222 3867 confidit
1242 3810 1343 3868 anime

135 3911 209 3949 mea.

197 3971 338 4031 Sacerdos
350 3973 437 4031 dicat.
473 3972 620 4030 Dominus
633 3973 792 4044 vobiscum,
805 3982 830 4030 et
842 3971 966 4030 Oremus
980 3972 1132 4030 Diaconns
1145 3981 1243 4030 antem
1256 3973 1342 4031 dicat.

139 4051 305 4110 Flectamus
336 4073 453 4130 genua:
487 4051 624 4111 Levate.'''
677 4054 717 4110 Et
746 4054 864 4112 dicatur
891 4052 1058 4111 Flectamus
1085 4072 1200 4129 genua:
1234 4054 1346 4111 Levate

140 4132 220 4190 hodie
243 4143 269 4191 et
296 4135 331 4192 ab
359 4134 410 4192 ltoc
433 4135 480 4192 die
504 4155 594 4209 iisqne
618 4135 658 4191 ad
684 4135 821 4209 Vipiliam
842 4134 970 4204 Pasclcee,
993 4135 1112 4209 acceptis
1132 4134 1296 4193 Dominicis
1320 4144 1345 4192 et

144 4212 232 4270 Festis
244 4213 419 4272 Soocctornm
439 4236 506 4272 cnm
526 4216 561 4272 de
574 4213 690 4272 Sanctis
706 4216 823 4288 dicitnr,
840 4225 865 4272 et
886 4224 999 4290 accepta
1021 4214 1166 4287 Oratione,
1190 4214 1272 4274 Deus
1292 4217 1345 4291 qui

144 4293 235 4432 tribcrys
247 4295 353 4371 pueris,
366 4305 392 4353 et
405 4296 439 4353 in
452 4297 499 4353 die
512 4296 688 4354 Parascenes
698 4297 731 4353 in
741 4296 877 4354 Oratione
885 4316 942 4372 pro
951 4294 978 4351 J
975 4297 1076 4368 aderis,
1089 4306 1114 4355 et
1128 4306 1240 4373 eccepto
1250 4297 1346 4354 Missa

150 4371 179 4429 in
216 4395 268 4434 erm
282 4375 413 4436 Domini.
1278 4400 1281 4404 ·

367 4514 380 4539 ¹
395 4514 426 4561 Et
434 4521 529 4576 turpant
539 4515 734 4577 omnesfornnlm
744 4514 979 4566 osculantes-MSS.
992 4514 1012 4560 B
1023 4513 1071 4560 und
1082 4515 1113 4561 D.
