2926 4996
147 350 192 431 78
455 358 641 424 Dominica
655 360 698 424 ia
712 359 875 425 Passioae
891 360 1047 428 Domini.

209 526 402 600 Offlbrtoriam.

207 608 316 664 Factus
338 613 383 664 est
407 606 554 664 Dominus
578 608 799 665 firmamentum
822 628 941 668 meum:
972 615 1003 667 et
1025 609 1175 688 refugium
1198 619 1344 670 meumst

147 687 392 761 liberatormeus,
408 690 529 765 sperabo
545 689 575 744 in
589 709 666 746 eum.

206 769 326 827 Secreta.
725 809 727 813 >

207 850 423 923 Oblationibus‚
440 870 614 926 quaesumus,
630 850 768 922 Domine,
782 850 897 927 placare
914 853 1072 928 susceptis:
1095 853 1178 910 etad
1191 860 1223 912 te
1237 861 1344 913 nostras

146 931 236 988 etiam
251 930 373 988 rebelles
388 931 528 1007 compelle
542 931 688 1007 propitius
701 931 877 991 voluntates.
921 932 980 990 Per
993 933 1166 991 Dominum.

207 1010 388 1070 Communia.

206 1091 353 1149 Dominus
368 1093 444 1168 regit
459 1112 512 1165 me,
528 1099 559 1149 et
571 1092 648 1149 nihil
662 1093 737 1149 mihi
750 1093 861 1150 deerit:
884 1093 917 1151 in
934 1093 997 1151 loco
1010 1113 1125 1171 pascuae
1140 1095 1184 1153 ibi
1204 1116 1254 1155 me
1267 1099 1350 1156 colla

140 1173 230 1244 cavit,
247 1192 456 1249 superaquam
470 1174 637 1231 refectionis
651 1174 789 1231 educavit
803 1193 857 1231 me.

204 1255 445 1312 Poetcommanio.

206 1335 270 1392 Tua
289 1354 351 1407 nos,
374 1354 549 1410 quaesumus,
571 1335 708 1405 Domine,
726 1355 791 1411 quae
805 1335 983 1413 sumpsimus
1002 1336 1163 1413 purificent
1183 1346 1299 1398 sancta:
1318 1346 1344 1397 et

143 1417 314 1491 operatione
328 1436 388 1484 sua,
403 1422 434 1473 te
448 1417 532 1472 nobis
545 1416 657 1473 faciant
670 1435 731 1473 esse
745 1416 900 1492 placatum.
944 1417 1003 1474 Per
1017 1417 1190 1478 Dominum.

204 1496 299 1571 Super
307 1497 460 1572 populum.

205 1578 296 1648 Deus,
311 1579 362 1654 qui
385 1578 572 1654 sperantibus
593 1578 625 1633 in
647 1583 679 1634 te
701 1578 833 1635 misereri
854 1578 954 1654 potius
975 1578 1058 1656 eligis
1074 1600 1166 1656 quam
1185 1581 1292 1654 irasci;
1311 1582 1344 1638 da

143 1657 228 1714 nobis
242 1658 330 1734 digne
344 1659 413 1716 flere
428 1660 506 1715 mala
516 1659 719 1734 quaefeeimus‚
732 1666 767 1716 ut
782 1666 841 1716 tuae
855 1660 1062 1717 consolationis
1075 1662 1204 1738 gratiam
1215 1661 1350 1720 invenire·

142 1738 299 1797 valeamus.
344 1739 402 1797 Per
417 1739 586 1797 Dominum

474 1901 634 1959 Doissrues
655 1917 688 1957 ΙΝ
710 1900 862 1958 Pisaeus
883 1899 1012 1958 Douma

161 2043 163 2045 .
204 1981 344 2057 Officium.

200 2064 311 2122 Judiea
325 2083 381 2134 me,
397 2063 479 2120 Deus
493 2085 499 2119 :
520 2069 551 2120 et
564 2064 696 2120 discerne
711 2082 828 2119 causam
848 2082 944 2119 meam
958 2063 1094 2140 degente
1108 2082 1170 2121 non
1184 2070 1295 2136 sancta,
1309 2065 1344 2122 ab

140 2144 260 2203 homine
273 2145 376 2221 iniquo
391 2150 421 2201 et
435 2145 534 2201 doloso
557 2144 636 2219 eripe
658 2163 725 2201 me:
755 2143 825 2218 quia
847 2149 881 2200 tu
903 2163 933 2200 es
956 2143 1038 2201 Deus
1055 2163 1138 2201 meus
1158 2150 1190 2202 et
1202 2145 1343 2204 fortitudo

141 2245 213 2283 mea
262 2272 265 2277 ,

200 2307 346 2366 Psalmaa

201 2388 314 2446 Emitte
337 2389 433 2445 lucem
456 2393 540 2445 tuam
564 2393 594 2444 et
618 2386 774 2443 veritatem
798 2392 905 2443 tuam:
937 2386 1000 2461 ipsa
1023 2405 1071 2443 me
1094 2386 1295 2461 deduxerrmt,
1315 2395 1343 2445 et

135 2469 329 2526 adduxerunt
342 2470 374 2524 in
389 2474 521 2525 montem
535 2474 670 2524 sanetum
684 2473 779 2537 tuum,
796 2473 826 2524 et
840 2467 871 2523 iu
886 2466 1151 2525 tabernaculatus

200 2550 271 2606 Noa
284 2551 394 2607 dicitur
408 2549 510 2606 Gloria
528 2549 614 2605 Patri
628 2557 696 2624 post
718 2547 850 2622 Officium
871 2547 954 2622 infra
977 2557 1088 2623 tempas
1108 2548 1272 2623 Passionis,
1287 2550 1344 2608 reici

43 2669 48 2679 ι
139 2631 257 2705 quando
271 2631 390 2687 coicitur
403 2632 437 2686 de
458 2631 551 2686 Fastis
564 2629 747 2687 Sanctorum.

201 2710 309 2768 Oratio

173 2795 174 2798 ’
201 2791 384 2861 Quaesumus
399 2791 585 2866 omnipotens
599 2790 689 2862 Deus,
704 2790 848 2847 familiam
866 2796 949 2847 tuam
970 2789 1116 2867 propitius
1130 2791 1252 2867 respice,
1267 2799 1302 2850 ut
1314 2798 1342 2849 te

138 2872 281 2948 largiente
295 2879 413 2948 regatur
426 2872 459 2928 in
477 2891 606 2948 corpore,
620 2877 651 2928 et
668 2878 698 2929 te
716 2877 852 2929 servante
874 2871 1057 2928 custodiatur
1080 2871 1113 2927 in
1134 2880 1244 2949 mente.
1287 2872 1342 2930 Per

46 2974 48 2978 ’
140 2951 311 3010 Dominum.

199 3033 248 3090 Ad
261 3034 396 3091 Hebraeos
409 3033 464 3108 (ἐκ.
483 3033 570 3091 11-15
573 3035 596 3111 )
884 3101 888 3109 ⁸

198 3115 327 3187 Fratres,
352 3115 487 3172 Christus
515 3114 652 3171 assistens
675 3113 812 3190 pontifex
832 3113 1002 3170 futurorum
1023 3112 1170 3170 bonorum
1193 3135 1284 3191 usqae
1303 3116 1340 3172 od

137 3197 390 3272 repromissionem
404 3196 559 3271 accipiant,
574 3197 626 3272 qui
639 3197 737 3252 vocati
755 3201 834 3268 sunt,
848 3200 966 3251 aeternae
980 3193 1163 3267 hereditatis,
1177 3195 1212 3252 in
1226 3195 1339 3253 Christo

136 3277 212 3334 Jesu
227 3278 356 3334 Domino
369 3283 478 3334 nostro.

199 3358 313 3416 Gradal
327 3403 332 3416 .

196 3440 287 3515 Eripe
310 3459 366 3511 me,
389 3437 526 3510 Domine,
551 3438 586 3495 de
607 3437 735 3495 inimicis
756 3437 847 3494 meis:
876 3437 945 3493 doce
968 3456 1016 3494 me
1036 3437 1133 3495 facere
1154 3437 1337 3497 voluntatem

135 3527 227 3578 tuam.

141 3601 168 3658 V.
196 3602 353 3658 liberator
368 3621 458 3672 meus,
474 3601 611 3671 Domine,
627 3600 664 3656 de
682 3598 997 3675 gentibusiraeundis,
1012 3598 1050 3656 ab
1064 3598 1289 3677 insurgentibus
1306 3599 1335 3656 in

134 3701 182 3740 me
196 3683 340 3740 exaltabis
354 3703 400 3740 me
414 3704 420 3739 z
441 3702 459 3738 a
473 3683 537 3739 viro
551 3681 653 3756 iniquo
668 3681 774 3756 eripies
787 3699 842 3738 me.

198 3764 329 3821 Tractus.

196 3844 278 3920 Saepe
293 3849 539 3920 expugnaverunt
553 3863 599 3900 me
613 3862 630 3899 a
646 3843 806 3917 juventute
821 3861 893 3900 mea.

139 3923 168 3982 V.
196 3924 285 3981 Dicat
299 3945 379 3982 nune
393 3921 504 3982 Israel:
527 3924 609 4000 Saepe
624 3930 869 4000 expugnaverunt
883 3942 930 3980 me
944 3941 961 3979 a
977 3923 1138 3997 juventute
1152 3943 1227 3982 mea.

139 4004 167 4063 V.
195 4005 317 4062 Etenim
340 4026 402 4063 non
423 4012 584 4082 potuerunt
609 4004 705 4062 mihi:
739 4024 828 4080 supra
855 4003 975 4061 dorsum
998 4004 1334 4075 meumfabricaverunt

156 4092 308 4143 eecatores.

133 4105 167 4224 ll.
195 4166 450 4243 Prolongaverunt
463 4167 655 4244 iniquitatem
669 4166 746 4224 sibi:
774 4165 921 4223 Dominus
937 4166 1038 4241 justus
1057 4166 1194 4224 concidet
1215 4167 1335 4226 cervices

133 4253 328 4324 peccatorum.
452 4263 455 4267 ·

193 4327 360 4386 Secundam
375 4329 540 4391 Jotaanem
556 4329 634 4407 (viii,
651 4327 770 4404 46-59).

192 4408 232 4466 In
258 4409 311 4465 illo
338 4416 478 4485 tempore,
502 4412 628 4468 Dicebat
654 4411 676 4468 J
678 4431 743 4467 esus
770 4409 867 4467 turbis
894 4409 916 4467 J
919 4409 1070 4467 udeeorum
1097 4413 1128 4466 et
1155 4408 1334 4487 principibus

130 4490 337 4564 sacerdotum,
366 4491 440 4560 Quis
458 4513 496 4550 ex
514 4493 597 4549 vobis
610 4498 714 4568 arguet
735 4510 783 4548 me
805 4490 841 4548 de
862 4492 1000 4567 peccatol
1027 4510 1118 4565 aeque
1140 4492 1183 4548 od
1205 4489 1336 4550 tulerunt
