2926 4996
519 360 703 425 Dominicis
717 360 760 424 ia
774 359 1036 444 Septuapcsirao.

404 576 563 633 Doumrci
583 591 698 643 oomni
718 591 789 632 rosr
810 573 950 633 Ocravss
971 575 1162 632 Ennium.

243 707 292 766 Aa
310 709 442 802 libram.
487 708 625 782 Officium.
669 707 800 765 Adorate
815 708 920 765 Deum.

246 789 402 927 iiiiiliam
424 876 516 942 tuam,
539 854 713 945 quaesumus,
738 869 875 940 Domine,
899 869 1041 927 continua
1067 871 1177 947 pietate
1206 869 1332 942 custodi,
1357 876 1390 927 ut

185 971 249 1028 qnae
276 951 309 1008 in
336 951 398 1008 sola
426 970 476 1027 spe
502 951 604 1027 gratiae
634 950 757 1008 caelestis
791 950 941 1022 innititur,
971 956 1024 1007 tua
1058 970 1173 1027 semper
1206 951 1391 1027 protectione

184 1033 344 1090 muniatur.
388 1031 447 1089 Per
460 1031 630 1088 Dominum.

245 1111 294 1170 Ad
309 1112 483 1170 Colossaascs
496 1110 557 1188 (iii.
576 1111 682 1189 12-17)

247 1193 384 1250 Fratres:
416 1192 538 1250 Induite
556 1212 608 1249 vos
625 1193 701 1249 sieut
719 1192 805 1249 electi
829 1191 888 1249 Dei
911 1212 1002 1268 osque
1026 1194 1066 1251 ad
1090 1193 1155 1250 Deo
1179 1200 1210 1250 et
1235 1193 1322 1250 Patri
1341 1213 1392 1269 per

186 1274 208 1332 J
209 1294 291 1332 esum
305 1274 457 1331 Christum
471 1273 634 1330 Dominum
647 1278 789 1330 nostrum.

249 1355 381 1412 Crudele.
439 1354 598 1411 Timebunt
631 1361 741 1429 gentes.
797 1354 945 1429 Alleluya
1004 1355 1033 1412 V.
1067 1355 1215 1412 Dominus
1246 1354 1390 1432 regnavit,

188 1435 303 1493 exultet
316 1441 402 1492 terra.

247 1515 413 1574 Secundum
426 1516 537 1573 Lucam
551 1516 604 1591 (io.
623 1515 735 1593 14-22).

248 1596 288 1653 In
311 1596 363 1654 illo
380 1602 519 1673 tempore,
542 1597 702 1673 Regressus
726 1603 770 1653 est
785 1596 873 1655 Jesus
895 1617 984 1672 usquc
1006 1598 1046 1654 ad
1067 1597 1266 1673 procedebant
1288 1597 1325 1654 de
1347 1616 1394 1654 ore

188 1697 287 1754 1psrus

250 1758 440 1832 offertorium.
484 1758 616 1816 Dextera
630 1757 759 1815 Domini.

249 1839 368 1897 Secreta.

249 1920 372 1978 Hostias
399 1920 464 1991 tibi,
488 1921 624 1992 Domine,
648 1920 821 1996 placationis
849 1920 1007 1992 offerimus,
1035 1926 1071 1977 ut
1098 1926 1129 1978 et
1157 1920 1268 1979 delicta
1294 1927 1397 1979 nostra

189 2002 344 2059 miseratus
357 2001 499 2072 absolvas,
515 2008 545 2058 et
558 2002 706 2058 mutantia
720 2001 807 2059 eorda
821 2008 856 2058 tu
870 2001 985 2078 dirigas.
1030 2001 1089 2058 Per

250 2081 399 2158 Praefatio.
444 2082 521 2151 Quia
533 2102 586 2159 per
598 2082 751 2139 incarnati

252 2162 432 2221 Communia
477 2163 672 2221 Mirabantur.

251 2244 491 2301 Postoomrauaio.

252 2325 433 2395 Quaesumus,
450 2325 635 2401 omnipotens
654 2324 744 2396 Deus,
764 2332 799 2382 ut
819 2324 899 2380 illius
922 2324 1058 2381 salutaris
1079 2325 1229 2400 capiamus
1250 2326 1398 2397 effectum,

191 2406 236 2481 cuj
242 2426 273 2464 us
287 2425 339 2483 per
352 2406 414 2462 haec
429 2407 569 2482 mysteria
583 2408 689 2483 pignus
703 2406 873 2481 accepimus.
925 2404 984 2462 Per
998 2405 1169 2463 Dominum.

573 2585 675 2640 Fran
696 2585 826 2653 Quium
847 2601 884 2641 nr
906 2584 1014 2642 Saxis.

250 2715 387 2792 Epistola
401 2726 426 2773 ct
440 2716 610 2790 Esoaopclia,
624 2725 658 2772 at
672 2736 763 2792 supra
777 2717 810 2774 ia
824 2717 987 2775 Doiaiaica.

555 2898 715 2957 Donnuca
737 2917 770 2956 ir
793 2899 1033 2958 Surrunsasius,

254 3028 304 3087 Aa
318 3029 449 3088 Missam.
493 3029 630 3105 Officium.

255 3110 520 3168 Circumdederunt
537 3132 584 3169 me
602 3112 729 3189 gemitus
742 3114 846 3170 mortis
857 3134 866 3186 3
894 3114 1007 3170 dolores
1020 3112 1129 3170 inferni
1143 3113 1404 3173 circumdederunt

193 3212 260 3250 me:
288 3199 319 3249 et
332 3192 363 3247 in
378 3192 569 3250 tribulatione
582 3213 647 3250 mea
660 3194 797 3252 invocavi
815 3195 987 3266 Dominum,
1004 3200 1034 3251 et
1055 3193 1208 3251 exaudivit
1231 3193 1269 3252 de
1291 3196 1404 3273 templo

195 3278 296 3331 saneto
310 3292 362 3330 suo
376 3293 477 3330 vocem
491 3293 594 3332 meam.

257 3354 401 3411 Psalmus.

253 3435 385 3511 Diligam
398 3440 437 3507 te,
453 3435 589 3507 Domine,
605 3435 749 3495 fortitudo
763 3457 848 3494 mea:
881 3436 1028 3494 Dominus
1044 3436 1267 3502 firmamentum
1290 3456 1400 3511 meum,

195 3525 226 3574 et
239 3517 386 3593 refugium
399 3535 506 3588 meum,
523 3522 553 3573 et
567 3516 708 3576 liberator
720 3537 810 3575 meus.

259 3596 368 3654 Oratio.

257 3677 362 3736 Preces
388 3677 490 3754 populi
516 3679 572 3750 tui,
596 3697 771 3754 quaesumus,
796 3679 933 3752 Domine,
956 3679 1115 3737 clementer
1136 3678 1262 3737 exaudi:
1293 3685 1331 3738 ut
1354 3680 1406 3757 qui

193 3761 274 3834 juste
288 3778 341 3834 pro
354 3759 481 3834 peccatis
494 3759 602 3816 nostris
616 3760 781 3835 affligimur,
796 3779 850 3836 pro
863 3761 911 3817 tui
923 3761 1052 3817 nominis
1067 3760 1161 3837 gloria
1173 3759 1408 3820 misericorditer

198 3841 363 3905 liberemur.
408 3839 467 3897 Per
481 3840 652 3898 Dominum

258 3919 397 3994 Epaioi:
440 3918 489 3978 Aa
504 3920 671 3978 Corinthios
684 3919 718 3997 (l
734 3921 773 3978 ic.
790 3920 887 3993 24-27,
902 3942 929 3978 a.
948 3922 994 3979 1-4
995 3922 1020 4000 )

258 4000 396 4058 Fratres:
419 4000 549 4059 Nescitis
564 4001 643 4079 quod
660 4000 713 4076 qui
731 4001 762 4058 in
776 4003 870 4060 stadio
885 4009 1009 4060 currunt
1025 4022 1115 4078 usqae
1135 4002 1177 4060 ud
1196 4008 1283 4079 petra
1302 4010 1408 4063 autem

201 4086 265 4138 erat
279 4079 420 4138 Christus.
697 4084 700 4089 ’

264 4160 397 4218 Crudele.

261 4240 394 4316 Adjutor
420 4242 453 4298 in
480 4244 759 4320 opportunitatibus,
784 4246 816 4301 in
840 4245 1054 4302 tribulatione:
1089 4250 1208 4320 sperent
1235 4244 1269 4302 in
1296 4251 1329 4304 te
1358 4249 1413 4323 qui

200 4326 347 4380 noverunt
360 4327 399 4394 te,
416 4325 554 4398 quoniam
569 4345 629 4383 non
643 4325 822 4402 derelinquis
836 4332 1000 4401 quaerentes
1013 4332 1053 4397 te,
1070 4325 1206 4382 Domine.

208 4406 236 4462 V.
262 4401 409 4472 Quoniam
433 4424 493 4461 non
516 4403 549 4461 in
568 4407 657 4464 finem
677 4407 786 4464 oblivio
809 4406 865 4463 erit
886 4406 1042 4482 pauperis:
1075 4405 1219 4482 patientia
1242 4426 1412 4485 pauperum

201 4504 262 4542 non
274 4484 383 4561 peribit
396 4485 429 4542 in
442 4491 604 4545 aeternum:
626 4484 763 4564 exsurge,
775 4487 910 4559 Domine,
926 4506 987 4544 non
1000 4489 1158 4563 praevaleat
1172 4487 1282 4547 homo.¹
