2926 4996
347 398 493 464 110100.
513 409 588 485 post
614 402 976 469 0010100Ρο110000100.
1199 411 1260 472 231

118 565 287 624 Secnmlanr
301 565 416 624 Lacone
429 566 485 642 (eei.
504 568 614 644 37-46)

116 646 156 704 In
178 646 230 704 illo
253 652 393 723 tempore,
419 648 557 724 Rogabat
578 651 599 707 J
602 670 685 707 esum
709 651 830 726 quidam
853 652 1028 725 Pharisaeus,
1050 660 1085 711 ut
1108 656 1266 732 pranderet

58 747 149 803 nsque
162 729 204 785 od
216 747 278 784 non
292 729 415 805 tangitis
429 731 565 789 sarcinas,

256 900 417 978 Dounucn
438 920 564 978 Daorun
585 937 656 977 1001
678 921 820 979 00101Αο
842 921 1063 981 Ρ11111000110.

123 1040 265 1116 Officium.

117 1121 202 1179 Dum
229 1122 386 1179 clamarem
407 1122 445 1179 ad
473 1122 645 1194 Dominum,
667 1122 824 1181 exaudivit
850 1143 952 1181 vocem
973 1144 1068 1181 meam
1089 1125 1193 1182 abhis
1215 1125 1268 1200 qui

55 1204 296 1282 appropinquant
309 1203 404 1260 mihi:
427 1209 458 1260 01
472 1203 644 1260 humiliavit
658 1224 707 1261 eos
722 1203 774 1280 qui
788 1209 916 1262 estante
936 1205 1042 1262 saecula
1062 1211 1092 1263 et
1112 1212 1214 1263 manet
1234 1206 1267 1263 in

57 1292 219 1344 aternum:
236 1285 319 1360 jacta
333 1284 496 1361 cogitatum
509 1291 597 1342 tuum
611 1285 643 1340 in
657 1284 797 1356 Domino,
814 1292 844 1343 et
857 1285 920 1361 ipse
933 1294 965 1344 te
979 1287 1116 1344 enutriet.

118 1382 362 1534 §goffia-mus,
383 1463 546 1520 orationem
569 1482 688 1520 meam:
726 1470 756 1520 01
778 1483 816 1520 ne
840 1463 1007 1540 despexeris
1032 1465 1268 1541 deprecationem

57 1545 162 1616 meam,
177 1543 299 1601 intende
314 1543 389 1600 mihi
403 1551 434 1602 et
448 1545 556 1601 exaudi
570 1564 625 1601 me.

120 1624 230 1684 Oratio,

117 1707 246 1764 Pateant
269 1725 354 1763 aures
378 1706 583 1764 misericordiae
606 1714 675 1778 tuae,
701 1707 838 1774 Domine,
860 1707 995 1782 precibus
1016 1706 1268 1784 supplicantium:

57 1795 87 1847 et
112 1794 149 1845 ut
176 1787 347 1863 petentibus
371 1788 535 1844 desiderata
563 1787 712 1859 concedas,
734 1787 780 1844 fac
805 1807 853 1844 000
882 1807 947 1863 quae
975 1788 1033 1845 tibi
1061 1789 1170 1864 placita
1197 1795 1268 1846 sunt

56 1869 215 1947 postulare.
260 1868 318 1924 Per
339 1869 510 1925 Dominum.

117 1967 169 2024 Ad
189 1965 357 2025 Corinthios
375 1966 409 2044 (l
431 1968 482 2023 orii.
500 1967 570 2023 2-11
574 1966 599 2044 )

118 2049 257 2105 Fratres:
279 2047 375 2117 Scitis,
394 2049 542 2124 quoniam,
563 2067 630 2104 oum
648 2052 751 2123 gentes
770 2047 872 2105 essetis
891 2067 982 2123 usquc
1004 2049 1046 2105 od
1056 2039 1144 2105 'Haec
1166 2053 1265 2105 autem

56 2131 158 2236 omnia
172 2135 311 2266 opeqatur
324 2149 401 2185 unus
415 2136 505 2205 atque
519 2130 598 2185 idern
613 2129 749 2206 Spiritus,
766 2128 902 2188 dividens
916 2129 1040 2205 siugulis
1053 2136 1142 2205 prout
1156 2129 1230 2186 vult.

119 2211 313 2362 giiiodi'me,
330 2290 467 2362 Domine,
483 2297 517 2348 ut
531 2291 676 2367 pupillam
691 2290 787 2349 oculi:
813 2292 869 2349 sub
887 2291 993 2361 umbra
1010 2290 1124 2348 alarum
1145 2297 1265 2348 tuarum

56 2378 269 2512 IllOtDievirlltu
283 2458 335 2510 tuo
345 2453 493 2529 judicium
507 2473 606 2511 meum
620 2454 743 2529 prodeat
757 2474 763 2510 :
785 2453 863 2510 oculi
876 2453 923 2510 1111
936 2452 1058 2510 videant
1072 2452 1234 2528 aequitates

118 2533 268 2609 Alleluya.
317 2535 345 2592 V.
379 2535 420 2592 Το
444 2535 527 2592 (10001
551 2535 688 2611 hymnus,
711 2535 801 2605 Deus,
824 2534 857 2591 in
878 2533 967 2591 Sion:
991 2539 1021 2590 et
1044 2533 1102 2590 tibi
1125 2533 1265 2590 reddetur

57 2622 162 2674 votum
177 2615 209 2671 in
224 2615 421 2672 Hierusalem.

117 2712 286 2770 Secundum
300 2713 413 2769 Lacona
427 2712 444 2789 (
444 2713 502 2769 111.
519 2711 636 2789 41-47)

117 2794 159 2851 In
185 2793 237 2850 illo
264 2800 405 2869 tempore,
431 2794 508 2851 Oum
532 2793 796 2870 appropinquasset
819 2794 840 2850 J
843 2812 909 2850 esus
936 2792 1135 2864 Hierusalem,
1162 2792 1266 2851 videns

56 2875 211 2934 civitatem
234 2874 319 2932 flevit
342 2895 431 2950 super
454 2874 536 2931 illam
557 2877 708 2950 usquead
732 2875 900 2951 speluncam
925 2873 1082 2931 latronum.
1136 2874 1178 2931 Et
1201 2880 1265 2932 0101

57 2959 165 3015 docens
179 2957 311 3031 quotidie
328 2956 361 3012 in
375 2957 495 3032 templo.

120 3037 316 3110 Offertorr'arn.

118 3118 170 3175 Ad
184 3125 223 3188 te,
240 3118 376 3184 Domine,
391 3118 490 3174 levavi
503 3118 633 3174 animam
647 3138 756 3174 meam:
771 3119 853 3175 Deus
868 3137 958 3188 meua,
974 3118 1005 3173 in
1021 3124 1051 3173 te
1065 3117 1187 3187 confido,
1203 3136 1263 3174 non

57 3201 235 3269 erubescam,
251 3219 346 3275 neque
370 3200 514 3256 irrideant
538 3220 584 3256 mc
606 3200 719 3256 inimici
741 3200 808 3269 mei,
827 3199 937 3256 etenim
954 3198 1087 3255 universi
1104 3199 1263 3273 011110011-

57 3287 201 3357 spectant,
216 3300 278 3336 non
292 3280 518 3337 confundentur.

119 3361 240 3419 Secreto.

118 3442 252 3499 Concede
265 3442 351 3498 nobis
363 3441 434 3512 haec,
450 3462 626 3518 quaesumus,
641 3441 778 3512 Domine,
794 3441 881 3517 digne
894 3440 1081 3515 frequentare
1100 3440 1259 3516 mysteria3

56 3525 127 3600 quia
156 3523 270 3599 quoties
297 3523 386 3598 hujus
410 3523 513 3581 hostiae
542 3523 779 3581 commemoratio
803 3523 975 3594 celebratur,
998 3539 1070 3598 opus
1091 3526 1198 3578 nostrae
1219 3541 1262 3579 re-

56 3604 237 3681 demptionis
250 3611 412 3662 exercetur.
455 3605 514 3663 Per
528 3605 700 3662 Dominum.

119 3700 302 3760 Communia

118 3783 297 3858 Acceptabis
328 3782 502 3840 sacrificium
526 3780 664 3858 justitiae,
690 3782 861 3852 oblationes
890 3787 921 3838 et
948 3781 1138 3839 holocausta:
1173 3799 1262 3856 super

56 3864 150 3922 altare
164 3870 249 3919 tuum
266 3863 401 3921 Domine.

117 3945 358 4002 Postconanrunr'o.

117 4025 177 4082 Tui
199 4025 292 4097 nobis,
319 4025 457 4096 Domine,
479 4027 541 4083 haec
569 4025 736 4083 communio
763 4024 948 4094 sacramenti,
970 4030 1001 4081 et
1024 4022 1260 4101 purificationem

57 4107 172 4164 tribuat
187 4113 217 4164 et
230 4107 362 4164 conferat
376 4107 529 4164 unitatem.
574 4108 633 4164 Per
647 4106 818 4163 Dominum.

529 4319 630 4377 Fuere
652 4319 788 4388 Qunam.

118 4448 169 4505 Ad
185 4447 352 4506 Corinthios
365 4449 399 4526 (l
416 4471 461 4507 oco.
479 4450 566 4507 39-46
573 4452 593 4519 1.

120 4530 257 4587 Fratres:
280 4530 350 4587 Non
365 4531 459 4587 omnis
473 4551 540 4589 caro
553 4532 655 4589 eadem
669 4551 736 4589 caro
750 4551 840 4606 nsque
854 4530 894 4588 ad
908 4530 1014 4590 deinde
1027 4529 1106 4607 quod
1120 4528 1260 4606 spiritale.
