2926 4996
360 390 408 454 Ia
430 389 521 453 Festo
548 387 703 474 Corporis
727 388 860 454 01111011.

380 557 534 625 Quantum
547 562 630 631 potes
645 562 764 633 tantum
776 557 880 631 gaude,

321 675 322 678 =
421 637 497 706 Quia
511 637 605 712 major
619 637 700 693 omni
712 638 807 710 laude,
824 689 826 699 ,

461 717 525 774 Nec
539 717 659 774 laudare
673 719 788 775 sufficis.

380 797 492 854 Laudis
505 797 605 855 thema
619 798 760 874 specialia,

321 939 323 943 Α
421 878 512 935 Panis
525 879 614 935 vivus
628 885 658 935 et
671 879 772 936 vitalis

463 959 563 1016 Hodie
576 960 767 1035 proponitur3

383 1040 478 1109 Quem
492 1040 524 1095 in
538 1060 625 1096 sacrae
639 1059 741 1096 mensa
754 1059 832 1097 cenae

423 1121 528 1176 Turbae
542 1120 669 1176 fratrum
683 1121 824 1178 duodenae

464 1201 579 1257 Datum
592 1221 652 1258 non
666 1202 834 1276 ambigitur.

385 1282 431 1339 Sit
445 1283 510 1338 laus
523 1282 619 1358 plena,
636 1282 675 1338 sit
689 1301 802 1355 sonora,

425 1362 471 1419 Sit
479 1364 618 1438 jocunda,
633 1363 673 1419 sit
687 1363 790 1420 decora

465 1443 577 1500 Mentis
586 1443 745 1519 jubilatio;

386 1524 458 1581 Dies
472 1525 551 1580 enim
565 1525 714 1581 sollemnis
728 1525 834 1600 agitur,

426 1605 465 1660 111
479 1625 538 1680 qua
551 1625 658 1662 mensae
673 1606 768 1681 prima
781 1605 921 1664 recolitur

466 1686 569 1762 Hujus
581 1686 739 1745 institutio.

386 1766 425 1822 In
438 1767 493 1822 hac
506 1786 607 1823 mensa
619 1768 691 1824 novi
703 1767 780 1844 regis

428 1847 549 1903 Novum
564 1848 676 1904 Pascha
690 1848 861 1925 novaelegis

469 1927 582 1984 Pascha
595 1935 681 1986 vetus
694 1931 842 1986 terminat.

391 2009 581 2066 Vetustatem
594 2010 720 2081 novitas,

431 2089 578 2147 Umbram
592 2090 676 2166 fugat
689 2091 807 2161 veritae,

471 2171 598 2227 Noctem
611 2171 666 2227 lux
679 2171 837 2255 illuminat.

271 2368 402 2429 Secundo
423 2369 477 2427 dte.

394 2468 481 2536 Quod
494 2468 527 2523 in
541 2488 613 2524 cena
628 2467 763 2524 Christus
776 2467 875 2542 gessit,

435 2548 615 2605 Faciendum
629 2549 684 2605 hoc
698 2548 842 2623 expressit

475 2628 515 2685 In
528 2630 575 2686 sui
589 2629 767 2686 memoriam.

395 2710 486 2767 Docti
499 2711 589 2767 sacris
603 2711 758 2780 institutis,

438 2790 558 2862 Panem,
574 2791 686 2860 vinum,
702 2792 734 2846 in
748 2790 852 2848 salutis

478 2871 687 2928 Consecramus
701 2871 836 2930 hostiam.

397 2953 513 3027 Dogma
527 2953 615 3008 datur
629 2952 813 3023 Christianis,

440 3034 526 3102 Quod
540 3034 572 3089 in
586 3053 703 3090 carnem
716 3033 824 3089 transit
837 3033 929 3108 panis,

480 3115 521 3171 Et
534 3115 639 3171 vinum
653 3115 686 3170 in
700 3115 879 3189 sanguinem

401 3196 486 3264 Quod
500 3215 561 3252 non
575 3196 662 3271 capis,
678 3195 756 3270 quod
769 3214 830 3251 non
843 3194 934 3265 videa,

440 3277 586 3333 Animosa
600 3277 699 3332 firmat
714 3276 793 3348 fides

482 3357 595 3414 Praeter
608 3377 706 3414 rerum
721 3356 861 3412 ordinem.

401 3437 463 3494 Sub
477 3439 600 3495 diversis
614 3438 772 3514 speciebus,

442 3519 541 3594 Signis
555 3526 674 3575 tantum
687 3524 718 3574 et
731 3537 791 3574 non
805 3518 900 3586 rebus,

484 3600 594 3657 Latent
607 3619 653 3657 res
667 3600 782 3656 eximiae
796 3620 801 3656 :

403 3679 478 3737 Caro
492 3681 584 3752 cibus,
598 3681 718 3756 sanguis
731 3687 837 3756 potus;

442 3761 548 3817 Manet
561 3767 661 3818 tamen
676 3760 811 3818 Christus
825 3765 906 3816 totus

484 3842 546 3899 Sub
560 3848 685 3917 utraque
699 3841 801 3917 specie.

404 3923 435 3978 A
449 3929 584 3979 sumente
597 3943 657 3979 non
671 3921 830 3991 concisus*

444 4003 516 4060 Non
530 4003 702 4072 confractus,
719 4023 779 4059 non
792 4001 912 4073 divisus

486 4084 607 4160 Integer
620 4084 769 4160 accipitur.

406 4165 505 4222 Sumit
517 4186 604 4236 unua,
618 4171 741 4222 sumunt
753 4164 853 4237 mille;

448 4247 602 4315 Quantum
615 4247 667 4302 isti
680 4250 798 4302 tantum
812 4245 871 4315 ille,

488 4328 552 4384 Nec
567 4334 701 4403 sumptus
714 4326 905 4383 consumitur.

440 4539 453 4565 '
469 4539 510 4586 Sic
526 4540 599 4588 Mes,
629 4541 863 4588 uda-emersam
