2926 4996
536 285 651 350 Oratio
670 305 735 368 pro
757 281 1029 367 Prccpaoattbus.

453 511 537 567 PRO
559 509 911 567 PRAEGNANTIBUS
933 508 1100 566 ORATIO.

239 651 291 703 Au
309 663 479 705 ouoarosnu
497 664 649 704 vracmnn
671 647 805 704 1111111111
827 663 884 703 mo
903 662 1142 702 ransuiisrmrs
1164 662 1201 702 nr
1223 663 1257 702 m
1278 663 1379 703 muru

179 745 414 786 Lanosnurrsus

241 809 348 866 Oratio

239 892 264 946 O
279 890 386 947 ancilla
400 890 520 961 Christi,
536 889 634 946 Maria
647 895 742 945 mater
756 888 822 960 Dei,
837 908 995 963 pauperem
1010 889 1117 945 exaudi
1138 894 1323 964 peccatorem
1340 889 1376 945 ad

178 978 208 1029 tc
235 991 303 1028 verc
328 971 530 1046 suspirantem,
552 990 590 1026 ne
610 979 739 1026 matrum
761 970 793 1025 in
815 977 900 1025 utero
924 970 1128 1044 periclitentur
1150 969 1303 1040 infantuli,
1327 971 1377 1044 qui

177 1059 297 1129 propter
319 1052 465 1108 defectum
487 1051 626 1126 baptismi
648 1051 762 1107 macula
783 1051 893 1106 irretiti
915 1050 1050 1126 originali
1072 1051 1104 1107 iu
1117 1049 1251 1107 limbum
1273 1052 1378 1107 001110-

178 1133 330 1203 scendunt,
346 1133 397 1207 qui
414 1152 479 1206 pars
493 1139 538 1188 est
551 1132 666 1188 inferni.
710 1131 815 1200 Maria,
831 1132 931 1205 itaque
953 1132 1065 1188 miseris
1082 1150 1217 1188 succurre
1232 1132 1372 1207 puerulis,

179 1215 230 1288 qui
264 1233 316 1288 pro
350 1213 433 1288 gravi
460 1213 532 1269 adeo
566 1212 813 1288 protoplastorum
843 1212 952 1268 nebula
979 1213 1090 1268 visione
1117 1212 1175 1268 Dei
1202 1212 1246 1267 ibi
1273 1218 1376 1268 carent

177 1300 335 1370 perpetua:
359 1294 384 1350 Ο
394 1293 507 1367 judicia
521 1293 578 1349 Dei
592 1294 712 1367 abyssus
726 1293 828 1362 multa,
844 1294 896 1367 qui
909 1292 978 1349 licet
992 1293 1054 1348 sine
1068 1292 1153 1368 culpa
1166 1300 1300 1368 pereant,
1315 1312 1375 1348 non

177 1382 277 1431 tamen
292 1375 353 1430 sine
367 1393 460 1430 causa.
498 1374 594 1442 Quam
606 1375 698 1449 igitur
711 1373 890 1447 perniciosus
904 1374 982 1448 pomi
992 1374 1079 1429 vetiti
1093 1373 1163 1429 Evae
1177 1373 1236 1429 fuit
1250 1393 1373 1444 morsus

178 1475 236 1530 quo
264 1475 340 1511 mors
373 1455 497 1530 posteris
531 1455 571 1510 sic
605 1455 839 1510 concludebatur.
911 1454 968 1510 sed
989 1454 1014 1510 Ο
1040 1473 1129 1529 quam
1155 1454 1230 1510 felix
1256 1454 1317 1510 fuit
1344 1461 1374 1510 et

177 1536 370 1605 laetabundus,
391 1536 416 1592 Ο
437 1535 542 1607 Maria,
557 1536 636 1591 inter
654 1542 684 1591 te
705 1542 735 1591 et
757 1535 893 1609 angelum
915 1535 1053 1610 dialogus
1068 1523 1126 1609 quo
1144 1534 1208 1591 vita
1227 1536 1284 1591 toti
1309 1536 1374 1591 orbi

178 1617 333 1673 oriebatur.
397 1616 462 1672 Prae
483 1616 594 1672 caeteris
621 1623 719 1671 autem
741 1621 811 1671 tuus
831 1616 950 1671 videtur
970 1616 1166 1690 splendescere
1187 1615 1374 1672 beatissimus

177 1698 285 1772 absque
299 1697 397 1752 dolore
411 1703 513 1771 partus
524 1718 531 1767 3
559 1716 611 1771 per
632 1717 718 1771 quern
741 1696 809 1751 Evae
824 1697 989 1752 maledictio
1011 1702 1055 1752 est
1076 1697 1179 1767 soluta,
1200 1715 1254 1752 nec
1276 1697 1374 1752 minus

176 1778 340 1834 benedictio
361 1778 533 1833 mulieribus
551 1778 664 1833 cunctis
679 1784 724 1832 est
738 1777 907 1833 condonata.
951 1777 1001 1832 Ad
1024 1797 1113 1852 quam
1135 1797 1203 1852 ergo
1225 1776 1375 1854 refugient

177 1859 313 1915 desolatae
335 1864 526 1933 praegnantes,
549 1859 607 1913 nisi
630 1857 1124 1928 111110,011101111111001001011111,
1151 1877 1217 1913 cum
1245 1857 1374 1914 lacrimis

176 1941 345 2015 gementesl
398 1939 481 1995 Audi
500 1958 554 2006 eas,
574 1939 656 2013 virgo
674 1937 882 2010 inmaculata,
911 1958 964 1994 nec
988 1945 1144 2013 parentum
1165 1939 1289 2014 aspiciat
1311 1939 1374 1994 uui-

176 2021 293 2096 genitus
306 2027 376 2076 tuus
390 2020 427 2076 ad
440 2026 564 2093 peccata.
609 2019 666 2075 Sed
680 2019 870 2094 parvulorum
883 2020 1014 2075 ululatus
1031 2019 1189 2076 clementer
1203 2020 1321 2090 exaudi,
1337 2039 1373 2076 ne

176 2101 298 2178 perenni
326 2101 520 2176 subjiciantur
546 2101 655 2156 inferni
682 2101 868 2156 formidolosa
895 2101 967 2156 adeo
994 2120 1084 2174 paena,
1152 2099 1210 2156 Eos
1246 2101 1374 2176 denique

176 2188 243 2258 post
256 2182 330 2239 sacri
343 2182 527 2258 baptismatis
549 2181 659 2237 undam
680 2188 864 2256 regeneratos
886 2181 1043 2256 perducere
1066 2181 1194 2256 digneris
1208 2181 1246 2237 ad
1263 2189 1372 2238 aeterna

175 2263 289 2338 gaudia.
331 2263 438 2319 Amen.

237 2344 307 2400 Atio
329 2344 435 2401 0111110.
744 2413 746 2417 ¹

237 2425 290 2480 Pie
313 2430 342 2480 et
366 2425 541 2481 exaudibilis
565 2425 692 2480 Domine
718 2424 798 2479 Deus
820 2430 928 2493 nostor,
946 2424 967 2481 J
970 2444 1019 2479 esu
1043 2423 1166 2494 Christe,
1186 2423 1374 2480 clementiam

175 2512 256 2560 tuam
273 2525 340 2560 cum
354 2506 435 2561 omni
445 2505 656 2579 supplicatione
668 2505 856 2578 deposcimus,
869 2511 904 2559 ut
914 2524 966 2579 per
979 2505 1180 2561 interventum
1192 2510 1222 2560 01
1232 2506 1373 2562 meritum

176 2586 269 2641 beatae
305 2591 334 2640 ct
368 2586 499 2660 gloriosse
534 2604 646 2659 semper
679 2586 802 2659 virginis
834 2585 946 2656 illaria,
980 2585 1169 2661 omniumque
1204 2591 1372 2643 sanctorum

175 2665 367 2740 Angelorum,
396 2665 658 2739 Archangelorum,
686 2665 932 2737 Patriarcharum,
963 2666 1186 2741 Prophetarum,
1216 2667 1376 2742 Apostolo-

175 2765 251 2815 rum,
269 2745 444 2820 Martyrum,
467 2745 680 2815 Oonfessorum,
702 2745 870 2820 Virginum,
886 2747 1044 2803 electorum
1063 2754 1093 2804 ct
1111 2747 1241 2803 omnium
1262 2747 1373 2805 civium

175 2845 377 2901 supernorum,
400 2825 535 2882 Ecclesiae
558 2832 616 2880 tuce
639 2832 745 2882 sauctae
766 2826 923 2882 Oatlrolicae
945 2828 1032 2883 fidem
1054 2848 1159 2902 augeas
1171 2848 1180 2900 3
1209 2828 1371 2885 rectoribus

175 2907 283 2962 nostris
298 2926 397 2981 pacem
409 2908 522 2962 tribuas
534 2926 542 2977 3
566 2911 596 2962 01
611 2907 693 2962 nobis
707 2907 905 2963 remissionem
917 2915 946 2964 01
957 2909 1172 2984 indulgentiam
1185 2915 1373 2984 peccatorum

175 2987 321 3044 concedas.
378 2989 484 3043 Amen.
538 2987 669 3043 Infirmis
691 2988 825 3058 salutem,
846 2989 934 3063 lapsis
955 2990 1176 3063 reparationem,
1201 2990 1276 3046 aeris
1298 3009 1372 3047 com-

174 3067 347 3124 moditatem
361 3068 578 3144 navigantibus,
592 3073 681 3143 atquc
695 3070 751 3125 iter
765 3071 918 3144 agentibus
932 3070 1067 3127 fidelibus
1080 3072 1139 3126 iter
1151 3089 1324 3145 prosperum
1338 3089 1370 3126 ac

174 3148 278 3206 salutis
292 3154 417 3224 portum.
453 3151 560 3205 111101.
597 3149 757 3206 Tribulatis
771 3158 801 3206 ct
815 3151 1033 3225 praegnantibus
1046 3151 1186 3226 gaudium
1197 3170 1206 3222 3
1229 3150 1375 3227 oppressis

174 3229 383 3286 relevationem
393 3250 402 3303 3
428 3231 560 3306 captivis,
576 3231 692 3302 vinctis,
712 3232 872 3308 peregrinis
893 3231 1105 3288 absolutionem
1124 3238 1154 3289 et
1171 3232 1370 3290 remissionem

143 3332 146 3338 <
174 3317 205 3367 et
218 3310 255 3368 ad
268 3312 393 3388 patriam
408 3312 609 3369 reversionem.
653 3312 761 3369 Amen.
