2926 4996
471 411 655 477 Dominioa
674 412 728 477 II.
746 412 928 479 Adventus.
1280 423 1300 483 3

93 580 188 652 tertia,
200 589 227 637 et
241 600 305 655 qaae
318 579 351 636 ia
368 587 447 636 seata
456 579 490 636 in
500 579 605 654 quinta
616 579 704 636 Faria
715 578 856 654 lepontar,
869 581 895 638 si
901 583 973 656 fieri
978 583 1089 657 poterit
1100 593 1283 659 competenter
1292 611 1302 643 .-

92 661 141 717 sia
154 670 253 717 naam
266 661 328 717 alm
345 660 374 717 F
373 661 435 717 erla
449 680 505 735 per
518 660 725 717 hebdomadam
739 661 893 734 lepaatar,·
915 662 959 719 ita
978 672 1076 720 tamea
1097 666 1175 739 qaod
1195 686 1302 741 semper

92 741 277 816 anticipetur,
289 740 437 815 sipoterit.
474 740 515 797 Et
529 741 646 815 qnando
660 741 694 797 ia
707 751 815 815 qaarta
824 742 914 799 Eeria
928 744 1030 817 apitar
1041 745 1076 801 de
1086 745 1186 819 aliqrco
1196 745 1302 804 Sancto

92 832 119 878 et
133 822 223 879 Eeria
237 822 343 897 qaiata
359 841 476 895 seqaeas
489 821 639 891 vacaverit,
656 831 725 878 tanc
739 821 873 897 Epistola
886 832 912 879 et
933 823 1130 898 anmpeliam
1143 827 1178 882 ele
1194 837 1301 901 quarta

92 903 183 959 Eeoia
207 903 242 959 ia
268 903 333 978 ipsa
354 902 459 976 quinta
482 902 572 959 Eorta
595 903 735 976 lepontar,
762 912 787 960 et
810 924 871 960 moa
894 903 948 960 tta
973 926 1038 980 qna
1059 906 1093 963 in
1113 916 1192 963 senta
1212 908 1302 965 Eeria

92 983 310 1042 iretitalaatar:
330 982 464 1039 similiter
476 986 530 1057 fiet
550 982 634 1057 infra
653 981 900 1058 Septaapesimam
917 994 943 1042 et
965 986 998 1042 ia
1019 995 1142 1062 tempore
1163 987 1302 1045 Pasclral‘

93 1073 119 1119 et
133 1064 221 1120 etiam
235 1064 304 1120 aliis
317 1063 392 1120 carii
406 1062 587 1138 tenporibus,
603 1065 720 1138 quaerela
734 1065 768 1121 de
782 1064 952 1140 lajasmooli
967 1066 1065 1124 Feriis
1078 1068 1184 1142 copitar.

569 1208 667 1264 Fama
688 1208 825 1277 Qunnrn.

154 1321 250 1378 Lectio
263 1320 402 1396 Epistola
415 1319 490 1378 beati
503 1320 606 1380 Jacobi
619 1321 751 1396 Apostoli
764 1322 805 1398 (o.
824 1323 920 1400 7-10).

156 1400 324 1458 Carissimi:
345 1400 496 1458 Patientes
510 1407 602 1458 estote
618 1423 708 1476 usqae
729 1404 770 1459 ad
790 1402 883 1460 locuti
902 1410 973 1462 sunt
993 1405 1026 1462 in
1040 1407 1160 1465 nomine
1174 1409 1298 1467 Domini

92 1483 189 1538 nostri
202 1482 224 1539 J
225 1502 276 1539 esu
290 1482 410 1539 Christi

155 1561 322 1620 Secundam
336 1562 510 1619 Matthoeam
524 1562 585 1639 (iii.
606 1563 651 1619 1-6
653 1563 677 1640 )

155 1643 194 1699 In
208 1643 259 1699 illo
273 1650 413 1720 tempore,
429 1643 524 1700 Venit
537 1643 559 1701 J
561 1645 690 1701 ohannes
705 1665 794 1719 usqae
809 1647 849 1702 aet
862 1647 1035 1704 confitentes
1049 1656 1169 1724 peecata
1183 1671 1242 1708 sua.

583 1787 683 1845 anrn
703 1787 812 1846 Snxrn.

156 1897 254 1954 Lectio
267 1897 366 1953 Esaia
380 1895 531 1970 Propleeta
544 1894 660 1971 (naoiii.
678 1903 704 1951 et
717 1915 781 1951 aaa.
786 1894 809 1970 )

156 1978 232 2035 Haec
253 1977 324 2034 dicit
344 1977 490 2033 Dominus
508 1977 611 2034 Dens:
642 1975 718 2032 Ecce
738 1995 791 2050 ego
812 1975 931 2032 mittam
951 1976 984 2032 in
1002 1976 1203 2035 fundamentis
1229 1980 1299 2036 Sion

93 2059 233 2136 lapidem,
248 2059 415 2133 probatum,
432 2056 611 2132 angularem,
626 2056 796 2132 pretiosum,
811 2057 844 2112 in
857 2056 1051 2125 fundamento
1068 2058 1245 2117 fundatum:
1270 2068 1300 2117 et

94 2159 197 2197 omnes
211 2139 263 2216 qui
280 2139 457 2195 crediderint
470 2139 503 2194 in
516 2137 602 2193 illum
621 2156 682 2193 non
696 2137 959 2194 conturbabuntur.
1003 2138 1146 2211 Festinet,
1161 2146 1196 2197 ut
1208 2148 1300 2217 ponat

89 2221 240 2298 judicium
266 2220 299 2275 in
325 2219 453 2294 pondere
480 2224 510 2275 et
533 2218 682 2293 justitiam
705 2217 737 2273 in
760 2237 903 2274 mensura.
948 2218 989 2274 Et
1012 2219 1165 2276 subvertet
1187 2222 1298 2296 grando

96 2320 179 2376 spem
193 2300 347 2370 mendacii,
360 2306 390 2357 et
403 2299 435 2355 in
448 2299 660 2374 protectionem
671 2317 754 2372 aquae
768 2298 963 2355 inundabunt.
994 2298 1062 2355 Hoc
1074 2299 1130 2356 erit
1141 2320 1158 2357 a
1169 2302 1298 2358 Domino

96 2382 163 2438 Deo
177 2381 371 2452 exercituum,
386 2386 421 2436 ut
434 2380 568 2436 mirabile
580 2379 688 2436 faceret
698 2378 853 2453 judicium,
870 2385 900 2435 et
919 2379 1122 2455 magnificaret
1137 2382 1294 2456 justitiam.
1331 2410 1332 2413 ¹

96 2462 260 2538 Propterea
280 2467 417 2537 expectat
430 2461 584 2531 Dominus,
603 2466 637 2517 ut
657 2459 830 2515 misereatur
849 2459 959 2516 vestri:
980 2465 1011 2516 et
1031 2460 1096 2517 ideo
1118 2462 1300 2520 exaltabitur

94 2562 219 2620 parcens
238 2543 331 2613 vobis,
354 2542 425 2618 quia
444 2543 526 2599 Deus
542 2540 649 2616 judicii
662 2540 826 2598 Dominus:
847 2539 927 2596 beati
948 2560 1047 2598 omnes
1067 2542 1121 2616 qui
1141 2549 1297 2620 expectant

95 2643 326 2762 eunliecamlam
340 2702 453 2761 Lacam
466 2703 526 2777 (iii.
545 2700 638 2778 7-18)

157 2785 198 2842 In
219 2785 271 2842 illo
292 2791 431 2861 tempore,
448 2785 573 2841 Dicebat
593 2782 614 2840 J
616 2801 725 2839 oannes
745 2782 782 2838 ad
803 2782 906 2839 turbas
919 2803 1009 2857 asqae
1023 2784 1064 2841 aol
1078 2785 1296 2862 evangelizabat

93 2865 214 2944 populo.

366 2971 526 3029 Donrnmn
546 2985 686 3028 snounnn
706 2969 876 3033 Anvnnma
897 2969 1026 3029 Douma

159 3086 208 3144 Ad
221 3087 353 3144 Missam.
398 3087 536 3161 Officium.

159 3167 290 3243 Populus
305 3168 384 3239 Sion,
399 3187 464 3224 ecce
478 3166 624 3224 Dominus
637 3165 737 3222 veniet
750 3164 788 3222 ad
803 3165 958 3222 salvandas
977 3173 1097 3242 gentes:
1119 3176 1150 3227 et
1163 3171 1294 3228 auditam

93 3248 185 3308 faciet
200 3249 347 3306 Dominus
359 3248 483 3325 gloriam
495 3248 575 3305 vocis
588 3266 647 3304 suae
660 3246 693 3302 in
706 3246 811 3303 laetitia
824 3246 918 3303 cordis
931 3247 1029 3305 vestri.

158 3329 306 3387 Psalmas.

160 3409 221 3478 Qui
234 3411 310 3486 regis
323 3410 424 3482 Israel,
440 3410 578 3466 intende:
599 3407 651 3484 qui
664 3407 782 3465 deducis
795 3407 878 3464 velut
892 3427 977 3465 ovem
990 3409 1012 3466 J
1014 3409 1109 3484 oseph.
1217 3456 1219 3460 ,

162 3491 271 3549 Oratio.

160 3570 276 3643 Excita,
292 3570 428 3642 Domine,
445 3571 531 3627 corda
543 3575 645 3627 nostra
658 3569 695 3625 ad
709 3569 914 3645 praepenandas
928 3569 1087 3646 Unigeniti
1101 3570 1147 3627 tui
1160 3572 1240 3631 vias:
1263 3581 1298 3631 ut

95 3672 151 3730 per
175 3653 238 3729 ejus
262 3652 420 3709 adventum
446 3650 607 3728 purificatis
632 3650 688 3707 tibi
711 3649 859 3706 mentibus
880 3651 989 3707 servire
1012 3669 1182 3712 mereamur.
1238 3654 1297 3723 Qui

96 3742 197 3791 tecum
211 3732 289 3788 vivit
302 3738 333 3789 et
346 3740 450 3808 regnat
463 3733 552 3789 Deus.

158 3813 256 3870 Lectio
270 3812 407 3888 Epistola
421 3813 495 3870 beati
507 3812 600 3869 Paali
612 3810 742 3886 Apostoli
755 3812 795 3868 acl
809 3811 956 3868 Romanos
968 3808 1029 3888 (ao.
1046 3812 1141 3890 4-13)

160 3893 299 3952 Fratres:
331 3893 529 3970 Quacumque
557 3892 665 3970 scripta
695 3897 765 3950 sunt
794 3912 883 3966 usqae
910 3892 951 3948 acl
977 3898 1008 3951 et
1030 3893 1143 3952 virtute
1171 3895 1297 3974 Spiritus

96 3975 211 4032 Sancti.
264 3983 268 3992 '
1097 3978 1101 3993 '

162 4054 297 4113 Gradak.

160 4137 210 4193 Ex
223 4136 295 4194 Sion
309 4135 417 4211 species
431 4135 540 4193 decoris
554 4136 633 4211 ejus:
655 4136 737 4193 Deus
750 4134 904 4192 manifeste
917 4135 1024 4194 veniet.

107 4216 135 4273 V.
159 4216 342 4293 congregate
367 4216 413 4273 illi
434 4224 549 4275 sanctos
572 4216 651 4294 ejus:
682 4216 735 4292 qui
760 4215 971 4274 ordinaverunt
997 4224 1208 4278 testamentum
1235 4222 1297 4298 ejus

101 4316 189 4373 super
202 4297 349 4355 sacrificia.
843 4372 845 4375 Ι

163 4378 306 4454 Alleluya.
356 4377 541 4438 [Laetatus
561 4398 627 4437 sum
641 4378 673 4436 in
686 4377 732 4436 his
746 4397 810 4455 quoe
824 4377 986 4438 dictasumt
999 4381 1090 4440 mihi:
1119 4383 1158 4441 In
1178 4384 1298 4445 domum

105 4455 227 4515 Domini
239 4459 355 4517 ibimus.

112 4536 141 4596 V.
164 4538 282 4598 Stantes
295 4546 380 4600 erant
394 4540 481 4618 pedes
494 4541 588 4602 nostri
600 4541 633 4600 in
646 4540 729 4601 atriis
742 4541 811 4616 tuis,
827 4540 1021 4602 Hierusalem.
