2926 4996
505 415 625 483 Conco
646 416 766 483 Misere.
1175 415 1239 486 187

828 583 895 644 MS.
917 585 1088 643 Bormum

722 688 784 748 Hic
815 709 934 749 sursum
962 689 1030 748 lecet
1058 687 1173 767 eorpus
1200 688 1240 746 ad

722 771 861 830 ursionem
869 771 982 848 populi.

722 852 783 911 Hic
802 852 990 929 discooperiat
1010 849 1136 912 Calicem
1155 849 1241 908 illum

719 933 951 1010 permutemus,
967 933 1080 992 diceus:

111 1843 197 1902 iimiii
216 1843 304 1902 modo
323 1849 514 1920 posteaquam
534 1850 672 1902 cenatum
692 1849 747 1916 est,
760 1843 904 1921 occipiens
921 1850 951 1902 et
969 1843 1049 1901 huuc
1069 1843 1243 1920 praeclerum

248 1940 368 1998 calicem
387 1941 421 1997 in
440 1946 555 1999 sanctos
575 1961 609 1999 ac
628 1942 811 2000 venerabiles
831 1963 936 2000 manus
956 1962 1032 2015 sues,

111 2135 196 2194 rtibi
214 2137 324 2214 gratias
345 2135 659 2217 agens‚bene›1‹dixit,
674 2137 816 2214 deditque
837 2133 1070 2218 [Broc-dedit]
1092 2135 1243 2213 discipulis
1351 2153 1353 2160 ·

260 2235 329 2306 suis,
351 2233 459 2308 dicens,
481 2235 618 2311 Accipite
639 2240 670 2292 et
689 2234 783 2292 bibite
804 2255 843 2292 ex
862 2254 897 2292 eo
917 2252 1025 2292 omnes.

724 2332 784 2390 Hic
795 2331 922 2392 Calicem
924 2351 1037 2407 porum
1046 2331 1122 2403 lecet,
1132 2331 1230 2389 dicem
1235 2355 1245 2390 ,·

120 2433 167 2487 est
186 2428 266 2487 euim
287 2428 365 2486 calix
385 2427 536 2506 sanguinis
555 2428 614 2486 mei
631 2429 703 2485 novi
721 2434 751 2486 et
769 2429 873 2486 aeterni
892 2427 1056 2501 tesmenti,
1071 2428 1245 2505 mysterium

111 2525 135 2597 β
144 2526 197 2602 qui
210 2546 264 2602 pro
277 2526 362 2584 vobis
375 2532 406 2584 et
418 2546 473 2603 pro
486 2527 589 2585 multis
603 2527 773 2584 effundetur
785 2528 819 2584 in
832 2527 1035 2585 remissionem
1048 2531 1242 2603 pecoutomm.

132 2624 302 2700 superponit
333 2644 444 2700 corpor-
725 2624 840 2763 §lterum
860 2626 941 2683 etevat
956 2624 1081 2685 Culicem
1094 2624 1129 2682 irc
1141 2623 1245 2697 ultum,

115 2726 122 2739 ·
748 2726 843 2764 scens:

189 2802 263 2859 Haec
278 2801 509 2878 quotiescunque
522 2800 659 2875 feceritis,
673 2803 707 2859 in
720 2802 780 2860 mei
793 2802 965 2860 memoriam
978 2800 1101 2860 facietis.

112 2901 260 2978 emundat
275 2900 394 2959 bractio
407 2903 448 2960 od
729 2901 789 2958 Hc'c
807 2901 947 2960 Sacerdos
966 2901 1048 2959 elevet
1068 2898 1187 2958 brocho
1207 2897 1247 2955 ad

111 3004 162 3042 um
176 2981 350 3061 crucifici).
726 2981 848 3041 modum
861 2983 963 3040 crucis.

111 3323 194 3383 Unde
208 3328 238 3381 et
252 3343 402 3393 memores,
417 3320 554 3394 Domine,
570 3340 624 3378 nos
637 3320 685 3379 tui
698 3321 776 3380 servi
790 3321 840 3380 sed
854 3327 885 3379 et
897 3320 980 3398 plebs
994 3326 1047 3378 tue
1061 3323 1162 3378 sancta
1175 3318 1250 3395 ejus·

111 3420 130 3480 †
145 3420 258 3501 Christi
268 3420 340 3478 Filii
353 3421 401 3478 tui
408 3419 533 3478 Domini
542 3418 621 3479 Dei†
634 3420 730 3477 nostri
742 3426 805 3477 tam
818 3420 913 3477 bestae
926 3417 1078 3495 passionis,
1089 3434 1202 3475 necnon
1217 3420 1248 3473 et

110 3518 203 3575 nferis
223 3518 455 3591 resurrectionis,
469 3517 519 3576 sed
538 3523 569 3576 et
590 3519 622 3576 in
643 3517 727 3575 caelos
746 3516 879 3594 gloriosse
899 3513 1084 3587 ascensionis,
1100 3511 1249 3570 offerimus
1355 3508 1357 3513 ’
1403 3568 1412 3591 ,

254 3616 402 3692 praeclarae
422 3617 571 3694 majestati
591 3624 651 3675 tuae
672 3615 709 3672 de
729 3613 790 3672 tuis
811 3613 896 3671 donis
915 3632 949 3670 ac
970 3611 1048 3669 dctis

122 3711 254 3771 retrahet
278 3712 397 3772 brachio
424 3723 450 3775 et
731 3709 868 3768 Histros
889 3708 1006 3786 primas
1032 3725 1129 3765 cruces
1148 3701 1250 3779 faciut

111 3804 134 3852 st
148 3793 268 3869 Quum
280 3795 383 3867 mucis,
733 3789 941 3867 superOorpus
954 3798 980 3847 et
995 3786 1251 3860 Calicemdeeo:

110 3890 240 3950 hostium
260 3890 413 3972 pu›1‹ram,
434 3892 562 3950 hostiam
582 3887 763 3969 sanfflctam,
783 3886 912 3944 hostiam
931 3882 1202 3964 immacuffiiatum,

733 3985 879 4056 Quartam
891 4001 979 4059 semer
993 3981 1114 4059 Corpus,

381 4086 529 4168 pcfflncm
553 4092 689 4146 sanctum
709 4085 781 4142 vitae
801 4089 927 4154 aeternae,

733 4183 875 4254 Quietem
889 4200 976 4258 super
991 4179 1123 4254 Caluum,
1138 4178 1251 4240 dicens:

392 4290 423 4343 ct
443 4283 603 4364 celiqecem
623 4281 728 4340 salutis
741 4287 899 4358 perpetuae.

181 4409 194 4433 ⁸
211 4407 287 4467 Spero
302 4406 346 4453 left
360 4405 385 4451 of
400 4420 444 4450 one
460 4405 508 4450 line
523 4405 550 4450 in
564 4404 618 4450 MS.
635 4405 663 4450 B.

179 4480 193 4539 ᾗ
208 4478 327 4537 Brevicry
342 4477 414 4523 omits
428 4480 442 4504 “
451 4476 578 4536 eJ'usdem’'
594 4475 642 4520 end
657 4478 671 4502 “
681 4474 748 4519 Dei”

181 4547 194 4606 t
210 4550 264 4596 MS.
276 4550 296 4594 B
311 4549 383 4595 omits
397 4548 465 4594 these
479 4547 528 4594 five
544 4547 651 4593 Croesos.
684 4545 738 4591 The
752 4542 869 4604 Brevisry
884 4541 956 4589 omits
970 4540 1013 4589 the
1026 4540 1082 4587 first
1097 4540 1172 4587 three.
