<?xml version="1.0" encoding="UTF-8"?>
<!DOCTYPE html PUBLIC "-//W3C//DTD XHTML 1.0 Transitional//EN"
    "http://www.w3.org/TR/xhtml1/DTD/xhtml1-transitional.dtd">
<html xmlns="http://www.w3.org/1999/xhtml" xml:lang="en" lang="en">
 <head>
  <title>
</title>
<meta http-equiv="Content-Type" content="text/html;charset=utf-8" />
  <meta name='ocr-system' content='tesseract 3.04.00' />
  <meta name='ocr-capabilities' content='ocr_page ocr_carea ocr_par ocr_line ocrx_word'/>
</head>
<body>
  <div class='ocr_page' id='page_1' title='image "./missaleadusumin00churgoog_0223.png"; bbox 0 0 2926 4996; ppageno 0'>
   <div class='ocr_carea' id='block_1_1' title="bbox 94 404 860 493">
    <p class='ocr_par' dir='ltr' id='par_1_1' title="bbox 94 404 860 493">
     <span class='ocr_line' id='line_1_1' title="bbox 94 404 860 493; baseline -0.007 -20"><span class='ocrx_word' id='word_1_1' title='bbox 94 474 116 493; x_wconf 42' lang='lat' dir='ltr'><em>s</em></span> <span class='ocrx_word' id='word_1_2' title='bbox 146 411 209 480; x_wconf 87' lang='lat'><em>170</em></span> <span class='ocrx_word' id='word_1_3' title='bbox 630 405 717 472; x_wconf 81' lang='lat' dir='ltr'><em>aa</em></span> <span class='ocrx_word' id='word_1_4' title='bbox 739 404 860 470; x_wconf 70' lang='lat' dir='ltr'><em>nasa.</em></span> 
     </span>
    </p>
   </div>
   <div class='ocr_carea' id='block_1_2' title="bbox 204 571 1205 814">
    <p class='ocr_par' dir='ltr' id='par_1_2' title="bbox 204 571 1205 814">
     <span class='ocr_line' id='line_1_2' title="bbox 206 571 999 649; baseline -0.006 -15"><span class='ocrx_word' id='word_1_5' title='bbox 206 575 284 635; x_wconf 76' lang='lat' dir='ltr'><em>Cam</em></span> <span class='ocrx_word' id='word_1_6' title='bbox 296 595 432 633; x_wconf 77' lang='lat' dir='ltr'><em>memores</em></span> <span class='ocrx_word' id='word_1_7' title='bbox 444 575 576 644; x_wconf 82' lang='lat' dir='ltr'><em>Flamen,</em></span> <span class='ocrx_word' id='word_1_8' title='bbox 591 572 733 649; x_wconf 83' lang='lat' dir='ltr'><em>Ejusdem</em></span> <span class='ocrx_word' id='word_1_9' title='bbox 746 571 793 630; x_wconf 89' lang='lat' dir='ltr'><em>dic</em></span> <span class='ocrx_word' id='word_1_10' title='bbox 801 591 892 647; x_wconf 79' lang='lat' dir='ltr'><em>prope</em></span> <span class='ocrx_word' id='word_1_11' title='bbox 898 574 999 646; x_wconf 80' lang='lat' dir='ltr'><em>finem.</em></span> 
     </span>
     <span class='ocr_line' id='line_1_3' title="bbox 205 653 901 733; baseline -0.009 -19"><span class='ocrx_word' id='word_1_12' title='bbox 205 658 263 715; x_wconf 91' lang='lat' dir='ltr'><em>Dic</em></span> <span class='ocrx_word' id='word_1_13' title='bbox 276 656 315 713; x_wconf 88' lang='lat' dir='ltr'><em>In</em></span> <span class='ocrx_word' id='word_1_14' title='bbox 330 677 389 733; x_wconf 91' lang='lat' dir='ltr'><em>qua</em></span> <span class='ocrx_word' id='word_1_15' title='bbox 401 657 478 712; x_wconf 81' lang='lat' dir='ltr'><em>vivis</em></span> <span class='ocrx_word' id='word_1_16' title='bbox 493 675 558 712; x_wconf 87' lang='lat' dir='ltr'><em>cnm</em></span> <span class='ocrx_word' id='word_1_17' title='bbox 571 653 676 712; x_wconf 89' lang='lat' dir='ltr'><em>mentio</em></span> <span class='ocrx_word' id='word_1_18' title='bbox 682 657 722 727; x_wconf 82' lang='lat' dir='ltr'><em>fit</em></span> <span class='ocrx_word' id='word_1_19' title='bbox 738 653 901 710; x_wconf 68' lang='lat' dir='ltr'><em>Trinitatis.</em></span> 
     </span>
     <span class='ocr_line' id='line_1_4' title="bbox 204 731 1205 814; baseline -0.005 -20"><span class='ocrx_word' id='word_1_20' title='bbox 204 738 356 814; x_wconf 68' lang='lat' dir='ltr'><em>depellens</em></span> <span class='ocrx_word' id='word_1_21' title='bbox 369 736 514 796; x_wconf 83' lang='lat' dir='ltr'><em>Satanan</em></span> <span class='ocrx_word' id='word_1_22' title='bbox 528 737 609 794; x_wconf 89' lang='lat' dir='ltr'><em>dicas</em></span> <span class='ocrx_word' id='word_1_23' title='bbox 622 735 656 792; x_wconf 90' lang='lat' dir='ltr'><em>in</em></span> <span class='ocrx_word' id='word_1_24' title='bbox 662 738 734 809; x_wconf 83' lang='lat' dir='ltr'><em>fine,</em></span> <span class='ocrx_word' id='word_1_25' title='bbox 750 732 809 790; x_wconf 91' lang='lat' dir='ltr'><em>Per</em></span> <span class='ocrx_word' id='word_1_26' title='bbox 823 752 899 805; x_wconf 88' lang='lat' dir='ltr'><em>eum,</em></span> <span class='ocrx_word' id='word_1_27' title='bbox 915 733 967 810; x_wconf 89' lang='lat' dir='ltr'><em>qui</em></span> <span class='ocrx_word' id='word_1_28' title='bbox 981 739 1124 790; x_wconf 88' lang='lat' dir='ltr'><em>venturus</em></span> <span class='ocrx_word' id='word_1_29' title='bbox 1137 731 1205 812; x_wconf 85' lang='lat' dir='ltr'><em>est]</em></span> 
     </span>
    </p>
   </div>
   <div class='ocr_carea' id='block_1_3' title="bbox 144 1013 1351 1982">
    <p class='ocr_par' dir='ltr' id='par_1_3' title="bbox 145 1013 1351 1177">
     <span class='ocr_line' id='line_1_5' title="bbox 204 1013 1351 1093; baseline -0.003 -16"><span class='ocrx_word' id='word_1_30' title='bbox 204 1020 287 1077; x_wconf 85' lang='lat' dir='ltr'><em>Dam</em></span> <span class='ocrx_word' id='word_1_31' title='bbox 301 1018 405 1092; x_wconf 77' lang='lat' dir='ltr'><em>lepitac</em></span> <span class='ocrx_word' id='word_1_32' title='bbox 417 1017 559 1093; x_wconf 76' lang='lat' dir='ltr'><em>Epistola,</em></span> <span class='ocrx_word' id='word_1_33' title='bbox 576 1025 601 1074; x_wconf 90' lang='lat' dir='ltr'><em>et</em></span> <span class='ocrx_word' id='word_1_34' title='bbox 615 1017 731 1074; x_wconf 75' lang='lat' dir='ltr'><em>canitae</em></span> <span class='ocrx_word' id='word_1_35' title='bbox 747 1015 872 1074; x_wconf 70' lang='lat' dir='ltr'><em>daedale</em></span> <span class='ocrx_word' id='word_1_36' title='bbox 887 1024 913 1072; x_wconf 91' lang='lat' dir='ltr'><em>ct</em></span> <span class='ocrx_word' id='word_1_37' title='bbox 933 1013 1068 1090; x_wconf 74' lang='lat' dir='ltr'><em>Allelaya</em></span> <span class='ocrx_word' id='word_1_38' title='bbox 1091 1013 1136 1071; x_wconf 85' lang='lat' dir='ltr'><em>oel</em></span> <span class='ocrx_word' id='word_1_39' title='bbox 1157 1014 1285 1074; x_wconf 78' lang='lat' dir='ltr'><em>l&#39;rcctns</em></span> <span class='ocrx_word' id='word_1_40' title='bbox 1308 1015 1351 1074; x_wconf 83' lang='lat' dir='ltr'><em>cel</em></span> 
     </span>
     <span class='ocr_line' id='line_1_6' title="bbox 145 1096 1153 1177; baseline -0.006 -19"><span class='ocrx_word' id='word_1_41' title='bbox 145 1100 267 1177; x_wconf 75' lang='lat' dir='ltr'><em>Tropns,</em></span> <span class='ocrx_word' id='word_1_42' title='bbox 283 1101 377 1157; x_wconf 91' lang='lat' dir='ltr'><em>sedeat</em></span> <span class='ocrx_word' id='word_1_43' title='bbox 391 1119 457 1156; x_wconf 90' lang='lat' dir='ltr'><em>cam</em></span> <span class='ocrx_word' id='word_1_44' title='bbox 470 1097 620 1155; x_wconf 81' lang='lat' dir='ltr'><em>Ministris</em></span> <span class='ocrx_word' id='word_1_45' title='bbox 633 1117 723 1172; x_wconf 86' lang='lat' dir='ltr'><em>asqae</em></span> <span class='ocrx_word' id='word_1_46' title='bbox 736 1098 777 1154; x_wconf 93' lang='lat' dir='ltr'><em>ad</em></span> <span class='ocrx_word' id='word_1_47' title='bbox 790 1096 983 1171; x_wconf 74' lang='lat' dir='ltr'><em>Ecanqeliam</em></span> <span class='ocrx_word' id='word_1_48' title='bbox 997 1096 1153 1169; x_wconf 69' lang='lat' dir='ltr'><em>lacendum.</em></span> 
     </span>
    </p>

    <p class='ocr_par' dir='ltr' id='par_1_4' title="bbox 204 1175 1254 1256">
     <span class='ocr_line' id='line_1_7' title="bbox 204 1175 1254 1256; baseline -0.002 -18"><span class='ocrx_word' id='word_1_49' title='bbox 204 1181 286 1238; x_wconf 82' lang='lat' dir='ltr'><em>Dian</em></span> <span class='ocrx_word' id='word_1_50' title='bbox 300 1180 374 1256; x_wconf 82' lang='lat' dir='ltr'><em>petit</em></span> <span class='ocrx_word' id='word_1_51' title='bbox 387 1180 537 1236; x_wconf 88' lang='lat' dir='ltr'><em>Diaconns</em></span> <span class='ocrx_word' id='word_1_52' title='bbox 551 1179 778 1249; x_wconf 73' lang='lat' dir='ltr'><em>benedictionem,</em></span> <span class='ocrx_word' id='word_1_53' title='bbox 793 1179 961 1253; x_wconf 78' lang='lat' dir='ltr'><em>respondeat</em></span> <span class='ocrx_word' id='word_1_54' title='bbox 974 1175 1121 1248; x_wconf 78' lang='lat' dir='ltr'><em>Sacerdos,</em></span> <span class='ocrx_word' id='word_1_55' title='bbox 1136 1176 1254 1236; x_wconf 86' lang='lat' dir='ltr'><em>dicens:</em></span> 
     </span>
    </p>

    <p class='ocr_par' dir='ltr' id='par_1_5' title="bbox 144 1257 1349 1500">
     <span class='ocr_line' id='line_1_8' title="bbox 205 1257 1349 1337; baseline -0.003 -18"><span class='ocrx_word' id='word_1_56' title='bbox 205 1262 352 1319; x_wconf 85' lang='lat' dir='ltr'>Dominus</span> <span class='ocrx_word' id='word_1_57' title='bbox 379 1260 491 1336; x_wconf 83' lang='lat' dir='ltr'><em>aperiat</em></span> <span class='ocrx_word' id='word_1_58' title='bbox 518 1260 575 1316; x_wconf 87' lang='lat' dir='ltr'><em>tibi</em></span> <span class='ocrx_word' id='word_1_59' title='bbox 600 1279 631 1316; x_wconf 92' lang='lat' dir='ltr'><em>os</em></span> <span class='ocrx_word' id='word_1_60' title='bbox 655 1259 692 1316; x_wconf 86' lang='lat' dir='ltr'><em>ad</em></span> <span class='ocrx_word' id='word_1_61' title='bbox 720 1259 876 1337; x_wconf 84' lang='lat' dir='ltr'><em>legendum</em></span> <span class='ocrx_word' id='word_1_62' title='bbox 900 1264 930 1315; x_wconf 91' lang='lat' dir='ltr'><em>et</em></span> <span class='ocrx_word' id='word_1_63' title='bbox 957 1258 1042 1315; x_wconf 92' lang='lat' dir='ltr'><em>nobis</em></span> <span class='ocrx_word' id='word_1_64' title='bbox 1067 1277 1153 1315; x_wconf 76' lang='lat' dir='ltr'><em>aines</em></span> <span class='ocrx_word' id='word_1_65' title='bbox 1176 1257 1216 1314; x_wconf 86' lang='lat' dir='ltr'><em>ad</em></span> <span class='ocrx_word' id='word_1_66' title='bbox 1239 1257 1349 1315; x_wconf 90' lang='lat' dir='ltr'><em>intelli·</em></span> 
     </span>
     <span class='ocr_line' id='line_1_9' title="bbox 164 1338 1348 1417; baseline -0.003 -17"><span class='ocrx_word' id='word_1_67' title='bbox 164 1343 272 1400; x_wconf 88' lang='lat' dir='ltr'><em>endum</em></span> <span class='ocrx_word' id='word_1_68' title='bbox 293 1347 427 1399; x_wconf 89' lang='lat' dir='ltr'><em>sanctum</em></span> <span class='ocrx_word' id='word_1_69' title='bbox 447 1340 633 1416; x_wconf 85' lang='lat' dir='ltr'><em>evangelium</em></span> <span class='ocrx_word' id='word_1_70' title='bbox 646 1340 705 1398; x_wconf 90' lang='lat' dir='ltr'><em>Dei</em></span> <span class='ocrx_word' id='word_1_71' title='bbox 717 1340 804 1417; x_wconf 83' lang='lat' dir='ltr'>pacis.</span> <span class='ocrx_word' id='word_1_72' title='bbox 847 1339 888 1396; x_wconf 91' lang='lat' dir='ltr'><em>In</em></span> <span class='ocrx_word' id='word_1_73' title='bbox 908 1338 1028 1396; x_wconf 88' lang='lat' dir='ltr'><em>nomine</em></span> <span class='ocrx_word' id='word_1_74' title='bbox 1049 1338 1149 1396; x_wconf 83' lang='lat' dir='ltr'><em>Patris</em></span> <span class='ocrx_word' id='word_1_75' title='bbox 1172 1343 1203 1396; x_wconf 87' lang='lat' dir='ltr'><em>et</em></span> <span class='ocrx_word' id='word_1_76' title='bbox 1224 1338 1300 1396; x_wconf 83' lang='lat' dir='ltr'>Filii</span> <span class='ocrx_word' id='word_1_77' title='bbox 1318 1344 1348 1397; x_wconf 90' lang='lat' dir='ltr'><em>et</em></span> 
     </span>
     <span class='ocr_line' id='line_1_10' title="bbox 144 1364 545 1500; baseline -0.005 -19"><span class='ocrx_word' id='word_1_78' title='bbox 144 1364 272 1500; x_wconf 70' lang='lat' dir='ltr'><em>Spiritus</em></span> <span class='ocrx_word' id='word_1_79' title='bbox 287 1423 395 1480; x_wconf 81' lang='lat' dir='ltr'><em>Sancti.</em></span> <span class='ocrx_word' id='word_1_80' title='bbox 438 1422 545 1479; x_wconf 88' lang='lat' dir='ltr'><em>Amen.</em></span> 
     </span>
    </p>

    <p class='ocr_par' dir='ltr' id='par_1_6' title="bbox 145 1497 1348 1743">
     <span class='ocr_line' id='line_1_11' title="bbox 187 1497 1348 1574; baseline -0.002 -14"><span class='ocrx_word' id='word_1_81' title='bbox 187 1497 245 1560; x_wconf 84' lang='lat' dir='ltr'><em>¹llt</em></span> <span class='ocrx_word' id='word_1_82' title='bbox 267 1503 418 1561; x_wconf 87' lang='lat' dir='ltr'><em>Diaconns</em></span> <span class='ocrx_word' id='word_1_83' title='bbox 439 1503 527 1574; x_wconf 87' lang='lat' dir='ltr'><em>dicat,</em></span> <span class='ocrx_word' id='word_1_84' title='bbox 553 1502 601 1560; x_wconf 89' lang='lat' dir='ltr'><em>Da</em></span> <span class='ocrx_word' id='word_1_85' title='bbox 624 1501 707 1574; x_wconf 89' lang='lat' dir='ltr'><em>mihi,</em></span> <span class='ocrx_word' id='word_1_86' title='bbox 730 1501 867 1571; x_wconf 85' lang='lat' dir='ltr'><em>Domine,</em></span> <span class='ocrx_word' id='word_1_87' title='bbox 890 1520 1053 1558; x_wconf 90' lang='lat' dir='ltr'><em>sermonem</em></span> <span class='ocrx_word' id='word_1_88' title='bbox 1075 1505 1192 1557; x_wconf 92' lang='lat' dir='ltr'><em>rectum</em></span> <span class='ocrx_word' id='word_1_89' title='bbox 1206 1506 1237 1557; x_wconf 90' lang='lat' dir='ltr'><em>et</em></span> <span class='ocrx_word' id='word_1_90' title='bbox 1262 1501 1348 1558; x_wconf 89' lang='lat' dir='ltr'><em>bene-</em></span> 
     </span>
     <span class='ocr_line' id='line_1_12' title="bbox 145 1580 1347 1658; baseline -0.003 -15"><span class='ocrx_word' id='word_1_91' title='bbox 145 1591 298 1643; x_wconf 83' lang='lat' dir='ltr'><em>sonantem</em></span> <span class='ocrx_word' id='word_1_92' title='bbox 312 1585 345 1640; x_wconf 92' lang='lat' dir='ltr'><em>in</em></span> <span class='ocrx_word' id='word_1_93' title='bbox 356 1604 387 1640; x_wconf 91' lang='lat' dir='ltr'><em>os</em></span> <span class='ocrx_word' id='word_1_94' title='bbox 398 1603 505 1654; x_wconf 90' lang='lat' dir='ltr'><em>meum,</em></span> <span class='ocrx_word' id='word_1_95' title='bbox 516 1589 551 1639; x_wconf 91' lang='lat' dir='ltr'><em>ut</em></span> <span class='ocrx_word' id='word_1_96' title='bbox 564 1583 701 1658; x_wconf 80' lang='lat' dir='ltr'><em>placeant</em></span> <span class='ocrx_word' id='word_1_97' title='bbox 714 1583 771 1640; x_wconf 91' lang='lat' dir='ltr'><em>tibi</em></span> <span class='ocrx_word' id='word_1_98' title='bbox 784 1582 873 1640; x_wconf 86' lang='lat' dir='ltr'><em>verba</em></span> <span class='ocrx_word' id='word_1_99' title='bbox 887 1601 952 1639; x_wconf 91' lang='lat' dir='ltr'><em>mea</em></span> <span class='ocrx_word' id='word_1_100' title='bbox 965 1589 996 1639; x_wconf 89' lang='lat' dir='ltr'><em>et</em></span> <span class='ocrx_word' id='word_1_101' title='bbox 1010 1581 1147 1638; x_wconf 87' lang='lat' dir='ltr'><em>omnibus</em></span> <span class='ocrx_word' id='word_1_102' title='bbox 1156 1580 1347 1640; x_wconf 82' lang='lat' dir='ltr'><em>audientibus</em></span> 
     </span>
     <span class='ocr_line' id='line_1_13' title="bbox 145 1664 953 1743; baseline -0.004 -21"><span class='ocrx_word' id='word_1_103' title='bbox 145 1672 266 1743; x_wconf 90' lang='lat' dir='ltr'><em>propter</em></span> <span class='ocrx_word' id='word_1_104' title='bbox 279 1684 386 1722; x_wconf 90' lang='lat' dir='ltr'><em>nomen</em></span> <span class='ocrx_word' id='word_1_105' title='bbox 399 1671 486 1721; x_wconf 90' lang='lat' dir='ltr'><em>tuum</em></span> <span class='ocrx_word' id='word_1_106' title='bbox 499 1665 532 1720; x_wconf 92' lang='lat' dir='ltr'><em>in</em></span> <span class='ocrx_word' id='word_1_107' title='bbox 546 1664 640 1720; x_wconf 88' lang='lat' dir='ltr'><em>vitam</em></span> <span class='ocrx_word' id='word_1_108' title='bbox 654 1669 801 1721; x_wconf 84' lang='lat' dir='ltr'><em>aeternam.</em></span> <span class='ocrx_word' id='word_1_109' title='bbox 845 1664 953 1720; x_wconf 90' lang='lat' dir='ltr'><em>Amen.</em></span> 
     </span>
    </p>

    <p class='ocr_par' dir='ltr' id='par_1_7' title="bbox 144 1741 1348 1982">
     <span class='ocr_line' id='line_1_14' title="bbox 205 1741 1348 1820; baseline -0.002 -17"><span class='ocrx_word' id='word_1_110' title='bbox 205 1746 276 1804; x_wconf 91' lang='lat' dir='ltr'><em>Post</em></span> <span class='ocrx_word' id='word_1_111' title='bbox 304 1747 406 1803; x_wconf 88' lang='lat' dir='ltr'><em>lectam</em></span> <span class='ocrx_word' id='word_1_112' title='bbox 433 1744 626 1819; x_wconf 75' lang='lat' dir='ltr'><em>Ecanpeliam</em></span> <span class='ocrx_word' id='word_1_113' title='bbox 653 1745 732 1802; x_wconf 89' lang='lat' dir='ltr'><em>dicat</em></span> <span class='ocrx_word' id='word_1_114' title='bbox 757 1743 896 1802; x_wconf 78' lang='lat' dir='ltr'><em>Sacerdos</em></span> <span class='ocrx_word' id='word_1_115' title='bbox 923 1752 1021 1801; x_wconf 84' lang='lat' dir='ltr'><em>secrete</em></span> <span class='ocrx_word' id='word_1_116' title='bbox 1032 1741 1062 1802; x_wconf 75' lang='lat'><em>.·&#39;”‘</em></span> <span class='ocrx_word' id='word_1_117' title='bbox 1089 1743 1273 1802; x_wconf 82' lang='lat' dir='ltr'><em>Benedictus</em></span> <span class='ocrx_word' id='word_1_118' title='bbox 1297 1743 1348 1820; x_wconf 87' lang='lat' dir='ltr'><em>qui</em></span> 
     </span>
     <span class='ocr_line' id='line_1_15' title="bbox 144 1823 1348 1885; baseline -0.001 -2"><span class='ocrx_word' id='word_1_119' title='bbox 144 1828 228 1885; x_wconf 84' lang='lat' dir='ltr'><em>venit</em></span> <span class='ocrx_word' id='word_1_120' title='bbox 247 1827 280 1883; x_wconf 92' lang='lat' dir='ltr'><em>in</em></span> <span class='ocrx_word' id='word_1_121' title='bbox 300 1827 420 1882; x_wconf 88' lang='lat' dir='ltr'><em>nomine</em></span> <span class='ocrx_word' id='word_1_122' title='bbox 441 1826 571 1882; x_wconf 90' lang='lat' dir='ltr'><em>Domini.</em></span> <span class='ocrx_word' id='word_1_123' title='bbox 614 1826 718 1882; x_wconf 90' lang='lat' dir='ltr'><em>Postea</em></span> <span class='ocrx_word' id='word_1_124' title='bbox 733 1825 875 1883; x_wconf 85' lang='lat' dir='ltr'><em>oscaletcn·</em></span> <span class='ocrx_word' id='word_1_125' title='bbox 889 1833 1003 1882; x_wconf 84' lang='lat' dir='ltr'><em>tentam.</em></span> <span class='ocrx_word' id='word_1_126' title='bbox 1040 1823 1148 1882; x_wconf 81' lang='lat' dir='ltr'><em>Statim</em></span> <span class='ocrx_word' id='word_1_127' title='bbox 1161 1823 1303 1884; x_wconf 81' lang='lat' dir='ltr'><em>Sacerdos</em></span> <span class='ocrx_word' id='word_1_128' title='bbox 1315 1825 1348 1882; x_wconf 84' lang='lat' dir='ltr'><em>in</em></span> 
     </span>
     <span class='ocr_line' id='line_1_16' title="bbox 144 1905 964 1982; baseline -0.005 -16"><span class='ocrx_word' id='word_1_129' title='bbox 144 1909 238 1966; x_wconf 85' lang='lat' dir='ltr'><em>medio</em></span> <span class='ocrx_word' id='word_1_130' title='bbox 250 1907 365 1964; x_wconf 80' lang='lat' dir='ltr'><em>Altae-is</em></span> <span class='ocrx_word' id='word_1_131' title='bbox 378 1906 537 1981; x_wconf 74' lang='lat' dir='ltr'><em>symbolam</em></span> <span class='ocrx_word' id='word_1_132' title='bbox 550 1907 626 1980; x_wconf 86' lang='lat' dir='ltr'><em>fidei</em></span> <span class='ocrx_word' id='word_1_133' title='bbox 638 1906 762 1982; x_wconf 74' lang='lat' dir='ltr'><em>inceptat</em></span> <span class='ocrx_word' id='word_1_134' title='bbox 776 1905 882 1964; x_wconf 85' lang='lat' dir='ltr'><em>encelsa</em></span> <span class='ocrx_word' id='word_1_135' title='bbox 895 1926 964 1964; x_wconf 85' lang='lat' dir='ltr'><em>eece.</em></span> 
     </span>
    </p>
   </div>
   <div class='ocr_carea' id='block_1_4' title="bbox 266 2233 784 2296">
    <p class='ocr_par' dir='ltr' id='par_1_8' title="bbox 266 2233 784 2296">
     <span class='ocr_line' id='line_1_17' title="bbox 266 2233 784 2296; baseline -0.008 -4"><span class='ocrx_word' id='word_1_136' title='bbox 266 2235 387 2293; x_wconf 85' lang='lat' dir='ltr'><em>Ore-do</em></span> <span class='ocrx_word' id='word_1_137' title='bbox 427 2234 460 2290; x_wconf 89' lang='lat' dir='ltr'><em>in</em></span> <span class='ocrx_word' id='word_1_138' title='bbox 500 2253 623 2290; x_wconf 92' lang='lat' dir='ltr'><em>u-num</em></span> <span class='ocrx_word' id='word_1_139' title='bbox 637 2233 784 2296; x_wconf 85' lang='lat' dir='ltr'><em>Dc-um.†</em></span> 
     </span>
    </p>
   </div>
   <div class='ocr_carea' id='block_1_5' title="bbox 141 2363 1369 3649">
    <p class='ocr_par' dir='ltr' id='par_1_9' title="bbox 141 2363 1369 3649">
     <span class='ocr_line' id='line_1_18' title="bbox 205 2363 1346 2440; baseline -0.001 -17"><span class='ocrx_word' id='word_1_140' title='bbox 205 2366 325 2424; x_wconf 88' lang='lat' dir='ltr'><em>Patrem</em></span> <span class='ocrx_word' id='word_1_141' title='bbox 340 2365 583 2440; x_wconf 90' lang='lat' dir='ltr'><em>omnipotentem,</em></span> <span class='ocrx_word' id='word_1_142' title='bbox 599 2365 739 2421; x_wconf 86' lang='lat' dir='ltr'><em>factorem</em></span> <span class='ocrx_word' id='word_1_143' title='bbox 753 2365 816 2422; x_wconf 83' lang='lat' dir='ltr'><em>caeli</em></span> <span class='ocrx_word' id='word_1_144' title='bbox 829 2370 861 2422; x_wconf 90' lang='lat' dir='ltr'><em>et</em></span> <span class='ocrx_word' id='word_1_145' title='bbox 874 2370 969 2437; x_wconf 83' lang='lat' dir='ltr'><em>terrae,</em></span> <span class='ocrx_word' id='word_1_146' title='bbox 984 2363 1149 2421; x_wconf 84' lang='lat' dir='ltr'><em>visibilium</em></span> <span class='ocrx_word' id='word_1_147' title='bbox 1167 2363 1303 2421; x_wconf 89' lang='lat' dir='ltr'><em>omnium</em></span> <span class='ocrx_word' id='word_1_148' title='bbox 1318 2370 1346 2422; x_wconf 87' lang='lat' dir='ltr'><em>et</em></span> 
     </span>
     <span class='ocr_line' id='line_1_19' title="bbox 144 2444 1349 2517; baseline -0.001 -14"><span class='ocrx_word' id='word_1_149' title='bbox 144 2447 348 2504; x_wconf 76' lang='lat' dir='ltr'><em>invisibilium.</em></span> <span class='ocrx_word' id='word_1_150' title='bbox 402 2447 443 2504; x_wconf 89' lang='lat' dir='ltr'><em>Et</em></span> <span class='ocrx_word' id='word_1_151' title='bbox 464 2447 497 2502; x_wconf 91' lang='lat' dir='ltr'><em>in</em></span> <span class='ocrx_word' id='word_1_152' title='bbox 518 2466 610 2502; x_wconf 91' lang='lat' dir='ltr'><em>unum</em></span> <span class='ocrx_word' id='word_1_153' title='bbox 637 2445 801 2503; x_wconf 91' lang='lat' dir='ltr'><em>Dominum</em></span> <span class='ocrx_word' id='word_1_154' title='bbox 824 2445 930 2503; x_wconf 80' lang='lat' dir='ltr'><em>lesum</em></span> <span class='ocrx_word' id='word_1_155' title='bbox 958 2445 1119 2517; x_wconf 73' lang='lat' dir='ltr'><em>Christum,</em></span> <span class='ocrx_word' id='word_1_156' title='bbox 1148 2444 1264 2503; x_wconf 84' lang='lat' dir='ltr'><em>Filium</em></span> <span class='ocrx_word' id='word_1_157' title='bbox 1291 2444 1349 2504; x_wconf 90' lang='lat' dir='ltr'><em>Dei</em></span> 
     </span>
     <span class='ocr_line' id='line_1_20' title="bbox 144 2525 1347 2604; baseline -0.001 -19"><span class='ocrx_word' id='word_1_158' title='bbox 144 2528 340 2604; x_wconf 88' lang='lat' dir='ltr'><em>unigenitum,</em></span> <span class='ocrx_word' id='word_1_159' title='bbox 364 2526 406 2585; x_wconf 83' lang='lat' dir='ltr'><em>Et</em></span> <span class='ocrx_word' id='word_1_160' title='bbox 428 2547 466 2584; x_wconf 88' lang='lat' dir='ltr'><em>ex</em></span> <span class='ocrx_word' id='word_1_161' title='bbox 488 2527 578 2584; x_wconf 84' lang='lat' dir='ltr'><em>Patre</em></span> <span class='ocrx_word' id='word_1_162' title='bbox 599 2532 703 2583; x_wconf 91' lang='lat' dir='ltr'><em>natum</em></span> <span class='ocrx_word' id='word_1_163' title='bbox 725 2533 795 2584; x_wconf 89' lang='lat' dir='ltr'><em>ante</em></span> <span class='ocrx_word' id='word_1_164' title='bbox 817 2528 916 2583; x_wconf 88' lang='lat' dir='ltr'><em>onmia</em></span> <span class='ocrx_word' id='word_1_165' title='bbox 937 2527 1063 2584; x_wconf 85' lang='lat' dir='ltr'><em>saecula:</em></span> <span class='ocrx_word' id='word_1_166' title='bbox 1080 2526 1193 2583; x_wconf 51' lang='lat' dir='ltr'><em>¹Deum</em></span> <span class='ocrx_word' id='word_1_167' title='bbox 1216 2526 1254 2584; x_wconf 90' lang='lat' dir='ltr'><em>de</em></span> <span class='ocrx_word' id='word_1_168' title='bbox 1274 2525 1347 2600; x_wconf 86' lang='lat' dir='ltr'><em>Deo,</em></span> 
     </span>
     <span class='ocr_line' id='line_1_21' title="bbox 144 2606 1347 2679; baseline 0 -14"><span class='ocrx_word' id='word_1_169' title='bbox 144 2608 261 2665; x_wconf 88' lang='lat' dir='ltr'><em>Lumen</em></span> <span class='ocrx_word' id='word_1_170' title='bbox 282 2609 319 2665; x_wconf 86' lang='lat' dir='ltr'><em>dc</em></span> <span class='ocrx_word' id='word_1_171' title='bbox 341 2607 477 2679; x_wconf 87' lang='lat' dir='ltr'><em>Lumine,</em></span> <span class='ocrx_word' id='word_1_172' title='bbox 501 2608 600 2664; x_wconf 91' lang='lat' dir='ltr'><em>Deum</em></span> <span class='ocrx_word' id='word_1_173' title='bbox 621 2627 724 2664; x_wconf 90' lang='lat' dir='ltr'><em>verum</em></span> <span class='ocrx_word' id='word_1_174' title='bbox 747 2608 782 2664; x_wconf 91' lang='lat' dir='ltr'><em>de</em></span> <span class='ocrx_word' id='word_1_175' title='bbox 805 2608 869 2665; x_wconf 90' lang='lat' dir='ltr'><em>Deo</em></span> <span class='ocrx_word' id='word_1_176' title='bbox 891 2627 971 2679; x_wconf 85' lang='lat' dir='ltr'><em>vero,</em></span> <span class='ocrx_word' id='word_1_177' title='bbox 986 2606 1129 2666; x_wconf 81' lang='lat' dir='ltr'><em>Genitum</em></span> <span class='ocrx_word' id='word_1_178' title='bbox 1146 2626 1208 2664; x_wconf 90' lang='lat' dir='ltr'><em>non</em></span> <span class='ocrx_word' id='word_1_179' title='bbox 1227 2608 1347 2679; x_wconf 83' lang='lat' dir='ltr'><em>factum,</em></span> 
     </span>
     <span class='ocr_line' id='line_1_22' title="bbox 144 2688 1369 2765; baseline 0 -19"><span class='ocrx_word' id='word_1_180' title='bbox 144 2689 424 2746; x_wconf 81' lang='lat' dir='ltr'><em>consubstantialem</em></span> <span class='ocrx_word' id='word_1_181' title='bbox 447 2688 540 2761; x_wconf 84' lang='lat' dir='ltr'><em>Patri,</em></span> <span class='ocrx_word' id='word_1_182' title='bbox 563 2708 724 2764; x_wconf 88' lang='lat' dir='ltr'><em>perquem</em></span> <span class='ocrx_word' id='word_1_183' title='bbox 747 2689 846 2745; x_wconf 88' lang='lat' dir='ltr'><em>omnia</em></span> <span class='ocrx_word' id='word_1_184' title='bbox 863 2689 941 2746; x_wconf 84' lang='lat' dir='ltr'><em>facta</em></span> <span class='ocrx_word' id='word_1_185' title='bbox 958 2694 1037 2746; x_wconf 89' lang='lat' dir='ltr'><em>sunt.</em></span> <span class='ocrx_word' id='word_1_186' title='bbox 1080 2688 1141 2758; x_wconf 81' lang='lat' dir='ltr'><em>Qui</em></span> <span class='ocrx_word' id='word_1_187' title='bbox 1158 2695 1283 2765; x_wconf 89' lang='lat' dir='ltr'><em>propter</em></span> <span class='ocrx_word' id='word_1_188' title='bbox 1296 2707 1369 2746; x_wconf 89' lang='lat' dir='ltr'><em>nes·</em></span> 
     </span>
     <span class='ocr_line' id='line_1_23' title="bbox 144 2768 1349 2845; baseline 0.002 -19"><span class='ocrx_word' id='word_1_189' title='bbox 144 2770 278 2826; x_wconf 88' lang='lat' dir='ltr'><em>homines</em></span> <span class='ocrx_word' id='word_1_190' title='bbox 301 2775 331 2826; x_wconf 91' lang='lat' dir='ltr'><em>et</em></span> <span class='ocrx_word' id='word_1_191' title='bbox 352 2775 474 2845; x_wconf 90' lang='lat' dir='ltr'><em>propter</em></span> <span class='ocrx_word' id='word_1_192' title='bbox 494 2776 626 2826; x_wconf 87' lang='lat' dir='ltr'><em>nostram</em></span> <span class='ocrx_word' id='word_1_193' title='bbox 645 2769 771 2825; x_wconf 89' lang='lat' dir='ltr'><em>salutem</em></span> <span class='ocrx_word' id='word_1_194' title='bbox 789 2770 939 2826; x_wconf 88' lang='lat' dir='ltr'><em>descendit</em></span> <span class='ocrx_word' id='word_1_195' title='bbox 960 2770 996 2827; x_wconf 93' lang='lat' dir='ltr'><em>de</em></span> <span class='ocrx_word' id='word_1_196' title='bbox 1015 2769 1101 2842; x_wconf 79' lang='lat' dir='ltr'><em>coelis,</em></span> <span class='ocrx_word' id='word_1_197' title='bbox 1119 2768 1161 2825; x_wconf 84' lang='lat' dir='ltr'><em>Et</em></span> <span class='ocrx_word' id='word_1_198' title='bbox 1178 2769 1349 2828; x_wconf 85' lang='lat' dir='ltr'><em>incarnatus</em></span> 
     </span>
     <span class='ocr_line' id='line_1_24' title="bbox 144 2849 1349 2926; baseline 0.001 -18"><span class='ocrx_word' id='word_1_199' title='bbox 144 2856 190 2908; x_wconf 90' lang='lat' dir='ltr'><em>est</em></span> <span class='ocrx_word' id='word_1_200' title='bbox 203 2850 239 2907; x_wconf 91' lang='lat' dir='ltr'><em>de</em></span> <span class='ocrx_word' id='word_1_201' title='bbox 253 2850 367 2926; x_wconf 82' lang='lat' dir='ltr'><em>Spiritu</em></span> <span class='ocrx_word' id='word_1_202' title='bbox 382 2850 490 2907; x_wconf 86' lang='lat' dir='ltr'><em>Sancto</em></span> <span class='ocrx_word' id='word_1_203' title='bbox 504 2869 542 2907; x_wconf 88' lang='lat' dir='ltr'><em>ex</em></span> <span class='ocrx_word' id='word_1_204' title='bbox 557 2850 656 2907; x_wconf 89' lang='lat' dir='ltr'><em>Maria</em></span> <span class='ocrx_word' id='word_1_205' title='bbox 669 2849 792 2926; x_wconf 87' lang='lat' dir='ltr'><em>virgine,</em></span> <span class='ocrx_word' id='word_1_206' title='bbox 809 2850 850 2907; x_wconf 87' lang='lat' dir='ltr'><em>Et</em></span> <span class='ocrx_word' id='word_1_207' title='bbox 867 2851 955 2908; x_wconf 92' lang='lat' dir='ltr'><em>homo</em></span> <span class='ocrx_word' id='word_1_208' title='bbox 971 2851 1068 2908; x_wconf 84' lang='lat' dir='ltr'><em>factus</em></span> <span class='ocrx_word' id='word_1_209' title='bbox 1086 2856 1139 2907; x_wconf 89' lang='lat' dir='ltr'><em>est.</em></span> <span class='ocrx_word' id='word_1_210' title='bbox 1183 2849 1349 2908; x_wconf 80' lang='lat' dir='ltr'><em>Crucifixus</em></span> 
     </span>
     <span class='ocr_line' id='line_1_25' title="bbox 144 2930 1349 3008; baseline 0.002 -20"><span class='ocrx_word' id='word_1_211' title='bbox 144 2931 234 2989; x_wconf 86' lang='lat' dir='ltr'><em>etiam</em></span> <span class='ocrx_word' id='word_1_212' title='bbox 248 2950 302 3007; x_wconf 92' lang='lat' dir='ltr'><em>pro</em></span> <span class='ocrx_word' id='word_1_213' title='bbox 315 2931 400 2987; x_wconf 89' lang='lat' dir='ltr'><em>nobis</em></span> <span class='ocrx_word' id='word_1_214' title='bbox 414 2931 468 2987; x_wconf 90' lang='lat' dir='ltr'><em>sub</em></span> <span class='ocrx_word' id='word_1_215' title='bbox 482 2931 591 2988; x_wconf 92' lang='lat' dir='ltr'><em>Pontio</em></span> <span class='ocrx_word' id='word_1_216' title='bbox 606 2930 712 3004; x_wconf 87' lang='lat' dir='ltr'><em>Pilato,</em></span> <span class='ocrx_word' id='word_1_217' title='bbox 724 2951 826 3007; x_wconf 89' lang='lat' dir='ltr'><em>passus</em></span> <span class='ocrx_word' id='word_1_218' title='bbox 840 2937 870 2988; x_wconf 89' lang='lat' dir='ltr'><em>et</em></span> <span class='ocrx_word' id='word_1_219' title='bbox 884 2932 1015 3008; x_wconf 89' lang='lat' dir='ltr'><em>sepultus</em></span> <span class='ocrx_word' id='word_1_220' title='bbox 1029 2938 1081 2989; x_wconf 90' lang='lat' dir='ltr'><em>est.</em></span> <span class='ocrx_word' id='word_1_221' title='bbox 1125 2931 1167 2988; x_wconf 82' lang='lat' dir='ltr'><em>Et</em></span> <span class='ocrx_word' id='word_1_222' title='bbox 1185 2933 1349 2990; x_wconf 86' lang='lat' dir='ltr'><em>resurrexit</em></span> 
     </span>
     <span class='ocr_line' id='line_1_26' title="bbox 144 3011 1349 3088; baseline 0.002 -19"><span class='ocrx_word' id='word_1_223' title='bbox 144 3012 234 3069; x_wconf 86' lang='lat' dir='ltr'><em>tertia</em></span> <span class='ocrx_word' id='word_1_224' title='bbox 254 3012 301 3068; x_wconf 90' lang='lat' dir='ltr'><em>die</em></span> <span class='ocrx_word' id='word_1_225' title='bbox 322 3011 481 3068; x_wconf 89' lang='lat' dir='ltr'><em>secundum</em></span> <span class='ocrx_word' id='word_1_226' title='bbox 497 3012 671 3088; x_wconf 85' lang='lat' dir='ltr'><em>Scripturas,</em></span> <span class='ocrx_word' id='word_1_227' title='bbox 688 3018 718 3068; x_wconf 89' lang='lat' dir='ltr'><em>et</em></span> <span class='ocrx_word' id='word_1_228' title='bbox 731 3013 862 3070; x_wconf 89' lang='lat' dir='ltr'><em>ascendit</em></span> <span class='ocrx_word' id='word_1_229' title='bbox 876 3013 908 3069; x_wconf 92' lang='lat' dir='ltr'><em>in</em></span> <span class='ocrx_word' id='word_1_230' title='bbox 922 3013 1035 3085; x_wconf 90' lang='lat' dir='ltr'><em>coelum,</em></span> <span class='ocrx_word' id='word_1_231' title='bbox 1049 3011 1131 3070; x_wconf 87' lang='lat' dir='ltr'><em>sedet</em></span> <span class='ocrx_word' id='word_1_232' title='bbox 1143 3012 1182 3070; x_wconf 90' lang='lat' dir='ltr'><em>ad</em></span> <span class='ocrx_word' id='word_1_233' title='bbox 1196 3013 1349 3072; x_wconf 87' lang='lat' dir='ltr'><em>dexteram</em></span> 
     </span>
     <span class='ocr_line' id='line_1_27' title="bbox 145 3091 1344 3170; baseline 0.002 -20"><span class='ocrx_word' id='word_1_234' title='bbox 145 3091 252 3164; x_wconf 87' lang='lat' dir='ltr'><em>Patris,</em></span> <span class='ocrx_word' id='word_1_235' title='bbox 277 3092 319 3149; x_wconf 84' lang='lat' dir='ltr'><em>Et</em></span> <span class='ocrx_word' id='word_1_236' title='bbox 341 3092 451 3150; x_wconf 90' lang='lat' dir='ltr'><em>iterum</em></span> <span class='ocrx_word' id='word_1_237' title='bbox 473 3099 617 3150; x_wconf 86' lang='lat' dir='ltr'><em>venturus</em></span> <span class='ocrx_word' id='word_1_238' title='bbox 639 3098 684 3150; x_wconf 89' lang='lat' dir='ltr'><em>est</em></span> <span class='ocrx_word' id='word_1_239' title='bbox 706 3113 773 3151; x_wconf 92' lang='lat' dir='ltr'><em>cum</em></span> <span class='ocrx_word' id='word_1_240' title='bbox 795 3093 888 3170; x_wconf 83' lang='lat' dir='ltr'><em>gloria</em></span> <span class='ocrx_word' id='word_1_241' title='bbox 905 3095 1039 3169; x_wconf 89' lang='lat' dir='ltr'><em>judicare</em></span> <span class='ocrx_word' id='word_1_242' title='bbox 1057 3094 1142 3151; x_wconf 82' lang='lat' dir='ltr'><em>vivos</em></span> <span class='ocrx_word' id='word_1_243' title='bbox 1159 3101 1192 3152; x_wconf 92' lang='lat' dir='ltr'><em>et</em></span> <span class='ocrx_word' id='word_1_244' title='bbox 1206 3100 1344 3167; x_wconf 84' lang='lat' dir='ltr'><em>mortuos,</em></span> 
     </span>
     <span class='ocr_line' id='line_1_28' title="bbox 143 3173 1349 3250; baseline 0.001 -19"><span class='ocrx_word' id='word_1_245' title='bbox 143 3173 236 3250; x_wconf 81' lang='lat' dir='ltr'><em>Cujus</em></span> <span class='ocrx_word' id='word_1_246' title='bbox 250 3173 334 3250; x_wconf 86' lang='lat' dir='ltr'><em>regni</em></span> <span class='ocrx_word' id='word_1_247' title='bbox 347 3192 408 3230; x_wconf 90' lang='lat' dir='ltr'><em>non</em></span> <span class='ocrx_word' id='word_1_248' title='bbox 422 3173 480 3231; x_wconf 90' lang='lat' dir='ltr'><em>erit</em></span> <span class='ocrx_word' id='word_1_249' title='bbox 493 3174 568 3231; x_wconf 87' lang='lat' dir='ltr'><em>finis.</em></span> <span class='ocrx_word' id='word_1_250' title='bbox 612 3174 652 3231; x_wconf 89' lang='lat' dir='ltr'><em>Et</em></span> <span class='ocrx_word' id='word_1_251' title='bbox 672 3175 705 3231; x_wconf 91' lang='lat' dir='ltr'><em>in</em></span> <span class='ocrx_word' id='word_1_252' title='bbox 719 3173 864 3250; x_wconf 86' lang='lat' dir='ltr'><em>Spiritum</em></span> <span class='ocrx_word' id='word_1_253' title='bbox 886 3175 1035 3246; x_wconf 88' lang='lat' dir='ltr'><em>Sanctum,</em></span> <span class='ocrx_word' id='word_1_254' title='bbox 1052 3174 1220 3235; x_wconf 90' lang='lat' dir='ltr'><em>Dominum</em></span> <span class='ocrx_word' id='word_1_255' title='bbox 1233 3175 1349 3234; x_wconf 82' lang='lat' dir='ltr'><em>atrivi-</em></span> 
     </span>
     <span class='ocr_line' id='line_1_29' title="bbox 144 3254 1347 3332; baseline 0.002 -20"><span class='ocrx_word' id='word_1_256' title='bbox 144 3257 290 3327; x_wconf 87' lang='lat' dir='ltr'><em>ficautem,</em></span> <span class='ocrx_word' id='word_1_257' title='bbox 308 3254 367 3324; x_wconf 80' lang='lat' dir='ltr'><em>Qui</em></span> <span class='ocrx_word' id='word_1_258' title='bbox 381 3274 419 3312; x_wconf 88' lang='lat' dir='ltr'><em>ex</em></span> <span class='ocrx_word' id='word_1_259' title='bbox 433 3254 523 3312; x_wconf 86' lang='lat' dir='ltr'><em>Patre</em></span> <span class='ocrx_word' id='word_1_260' title='bbox 538 3255 673 3332; x_wconf 76' lang='lat' dir='ltr'><em>Filioque</em></span> <span class='ocrx_word' id='word_1_261' title='bbox 686 3255 828 3332; x_wconf 89' lang='lat' dir='ltr'><em>procedit,</em></span> <span class='ocrx_word' id='word_1_262' title='bbox 844 3255 903 3325; x_wconf 80' lang='lat' dir='ltr'><em>Qui</em></span> <span class='ocrx_word' id='word_1_263' title='bbox 920 3275 987 3312; x_wconf 93' lang='lat' dir='ltr'><em>cum</em></span> <span class='ocrx_word' id='word_1_264' title='bbox 1009 3257 1099 3313; x_wconf 87' lang='lat' dir='ltr'><em>Patre</em></span> <span class='ocrx_word' id='word_1_265' title='bbox 1122 3262 1154 3314; x_wconf 90' lang='lat' dir='ltr'><em>et</em></span> <span class='ocrx_word' id='word_1_266' title='bbox 1167 3257 1249 3316; x_wconf 86' lang='lat' dir='ltr'><em>Filio</em></span> <span class='ocrx_word' id='word_1_267' title='bbox 1261 3255 1347 3314; x_wconf 89' lang='lat' dir='ltr'><em>simul</em></span> 
     </span>
     <span class='ocr_line' id='line_1_30' title="bbox 144 3336 1346 3413; baseline 0.001 -20"><span class='ocrx_word' id='word_1_268' title='bbox 144 3336 284 3394; x_wconf 86' lang='lat' dir='ltr'><em>adoratur</em></span> <span class='ocrx_word' id='word_1_269' title='bbox 305 3340 336 3392; x_wconf 91' lang='lat' dir='ltr'><em>et</em></span> <span class='ocrx_word' id='word_1_270' title='bbox 358 3336 603 3411; x_wconf 83' lang='lat' dir='ltr'><em>conglorificatur,</em></span> <span class='ocrx_word' id='word_1_271' title='bbox 625 3337 684 3406; x_wconf 80' lang='lat' dir='ltr'><em>Qui</em></span> <span class='ocrx_word' id='word_1_272' title='bbox 705 3336 821 3394; x_wconf 89' lang='lat' dir='ltr'><em>locutus</em></span> <span class='ocrx_word' id='word_1_273' title='bbox 843 3343 888 3394; x_wconf 88' lang='lat' dir='ltr'><em>est</em></span> <span class='ocrx_word' id='word_1_274' title='bbox 910 3355 963 3412; x_wconf 90' lang='lat' dir='ltr'><em>per</em></span> <span class='ocrx_word' id='word_1_275' title='bbox 986 3337 1150 3413; x_wconf 85' lang='lat' dir='ltr'><em>prophetas.</em></span> <span class='ocrx_word' id='word_1_276' title='bbox 1196 3339 1239 3397; x_wconf 82' lang='lat' dir='ltr'><em>Et</em></span> <span class='ocrx_word' id='word_1_277' title='bbox 1258 3357 1346 3396; x_wconf 85' lang='lat' dir='ltr'><em>unam</em></span> 
     </span>
     <span class='ocr_line' id='line_1_31' title="bbox 141 3416 1345 3494; baseline 0.001 -19"><span class='ocrx_word' id='word_1_278' title='bbox 141 3423 274 3475; x_wconf 86' lang='lat' dir='ltr'><em>sanctam</em></span> <span class='ocrx_word' id='word_1_279' title='bbox 309 3416 493 3474; x_wconf 81' lang='lat' dir='ltr'><em>Catholicam</em></span> <span class='ocrx_word' id='word_1_280' title='bbox 528 3423 558 3474; x_wconf 91' lang='lat' dir='ltr'><em>et</em></span> <span class='ocrx_word' id='word_1_281' title='bbox 593 3417 797 3494; x_wconf 88' lang='lat' dir='ltr'><em>Apostolicam</em></span> <span class='ocrx_word' id='word_1_282' title='bbox 832 3417 1001 3474; x_wconf 85' lang='lat' dir='ltr'><em>Ecclesiam.</em></span> <span class='ocrx_word' id='word_1_283' title='bbox 1065 3417 1222 3478; x_wconf 79' lang='lat' dir='ltr'><em>Confiteor</em></span> <span class='ocrx_word' id='word_1_284' title='bbox 1255 3436 1345 3476; x_wconf 87' lang='lat' dir='ltr'><em>unum</em></span> 
     </span>
     <span class='ocr_line' id='line_1_32' title="bbox 141 3497 1343 3576; baseline 0.002 -21"><span class='ocrx_word' id='word_1_285' title='bbox 141 3498 289 3575; x_wconf 85' lang='lat' dir='ltr'><em>baptisma</em></span> <span class='ocrx_word' id='word_1_286' title='bbox 322 3497 355 3554; x_wconf 89' lang='lat' dir='ltr'><em>in</em></span> <span class='ocrx_word' id='word_1_287' title='bbox 388 3498 591 3555; x_wconf 89' lang='lat' dir='ltr'><em>remissionem</em></span> <span class='ocrx_word' id='word_1_288' title='bbox 625 3504 819 3576; x_wconf 83' lang='lat' dir='ltr'><em>peccatorum,</em></span> <span class='ocrx_word' id='word_1_289' title='bbox 856 3498 897 3554; x_wconf 88' lang='lat' dir='ltr'><em>Et</em></span> <span class='ocrx_word' id='word_1_290' title='bbox 931 3503 1069 3575; x_wconf 88' lang='lat' dir='ltr'><em>exspecto</em></span> <span class='ocrx_word' id='word_1_291' title='bbox 1101 3500 1343 3560; x_wconf 84' lang='lat' dir='ltr'><em>resurrectionem</em></span> 
     </span>
     <span class='ocr_line' id='line_1_33' title="bbox 143 3578 902 3649; baseline -0.001 -13"><span class='ocrx_word' id='word_1_292' title='bbox 143 3584 337 3649; x_wconf 88' lang='lat' dir='ltr'><em>mortuorum,</em></span> <span class='ocrx_word' id='word_1_293' title='bbox 348 3578 390 3635; x_wconf 85' lang='lat' dir='ltr'><em>Et</em></span> <span class='ocrx_word' id='word_1_294' title='bbox 403 3578 498 3636; x_wconf 84' lang='lat' dir='ltr'><em>vitam</em></span> <span class='ocrx_word' id='word_1_295' title='bbox 510 3579 632 3635; x_wconf 86' lang='lat' dir='ltr'><em>venturi</em></span> <span class='ocrx_word' id='word_1_296' title='bbox 645 3578 752 3636; x_wconf 86' lang='lat' dir='ltr'><em>saeculi.</em></span> <span class='ocrx_word' id='word_1_297' title='bbox 794 3579 902 3636; x_wconf 87' lang='lat' dir='ltr'><em>Amen.</em></span> 
     </span>
    </p>
   </div>
   <div class='ocr_carea' id='block_1_6' title="bbox 138 3674 1341 3918">
    <p class='ocr_par' dir='ltr' id='par_1_10' title="bbox 138 3674 1341 3918">
     <span class='ocr_line' id='line_1_34' title="bbox 204 3674 1341 3751; baseline 0.007 -20"><span class='ocrx_word' id='word_1_298' title='bbox 204 3674 379 3733; x_wconf 81' lang='lat' dir='ltr'><em>Notandum</em></span> <span class='ocrx_word' id='word_1_299' title='bbox 400 3676 477 3750; x_wconf 86' lang='lat' dir='ltr'><em>qaod</em></span> <span class='ocrx_word' id='word_1_300' title='bbox 498 3674 592 3732; x_wconf 80' lang='lat' dir='ltr'><em>Credo</em></span> <span class='ocrx_word' id='word_1_301' title='bbox 606 3675 716 3733; x_wconf 81' lang='lat' dir='ltr'><em>dicitnr</em></span> <span class='ocrx_word' id='word_1_302' title='bbox 734 3675 1051 3751; x_wconf 41' lang='lat' dir='ltr'><em>pesmcaliteromnibas</em></span> <span class='ocrx_word' id='word_1_303' title='bbox 1064 3675 1230 3738; x_wconf 87' lang='lat' dir='ltr'><em>Dominicis</em></span> <span class='ocrx_word' id='word_1_304' title='bbox 1249 3678 1341 3738; x_wconf 71' lang='lat' dir='ltr'><em>tata</em></span> 
     </span>
     <span class='ocr_line' id='line_1_35' title="bbox 138 3755 1339 3837; baseline 0.005 -24"><span class='ocrx_word' id='word_1_305' title='bbox 138 3776 194 3831; x_wconf 83' lang='lat' dir='ltr'><em>per</em></span> <span class='ocrx_word' id='word_1_306' title='bbox 208 3765 300 3814; x_wconf 86' lang='lat' dir='ltr'><em>totam</em></span> <span class='ocrx_word' id='word_1_307' title='bbox 313 3776 435 3826; x_wconf 76' lang='lat' dir='ltr'><em>arenam,</em></span> <span class='ocrx_word' id='word_1_308' title='bbox 448 3756 552 3813; x_wconf 85' lang='lat' dir='ltr'><em>siccin</em></span> <span class='ocrx_word' id='word_1_309' title='bbox 562 3756 602 3813; x_wconf 87' lang='lat' dir='ltr'><em>eis</em></span> <span class='ocrx_word' id='word_1_310' title='bbox 608 3755 834 3830; x_wconf 79' lang='lat' dir='ltr'><em>fiatSemitiam</em></span> <span class='ocrx_word' id='word_1_311' title='bbox 845 3756 1046 3815; x_wconf 89' lang='lat' dir='ltr'><em>deDominica</em></span> <span class='ocrx_word' id='word_1_312' title='bbox 1053 3758 1111 3816; x_wconf 84' lang='lat' dir='ltr'><em>sice</em></span> <span class='ocrx_word' id='word_1_313' title='bbox 1119 3759 1154 3816; x_wconf 89' lang='lat' dir='ltr'><em>de</em></span> <span class='ocrx_word' id='word_1_314' title='bbox 1163 3757 1273 3819; x_wconf 83' lang='lat' dir='ltr'><em>Sancte</em></span> <span class='ocrx_word' id='word_1_315' title='bbox 1281 3776 1339 3837; x_wconf 78' lang='lat' dir='ltr'><em>qne</em></span> 
     </span>
     <span class='ocr_line' id='line_1_36' title="bbox 144 3836 1338 3918; baseline 0.005 -25"><span class='ocrx_word' id='word_1_316' title='bbox 144 3856 271 3912; x_wconf 54' lang='lat' dir='ltr'><em>canaan·</em></span> <span class='ocrx_word' id='word_1_317' title='bbox 290 3837 324 3894; x_wconf 90' lang='lat' dir='ltr'><em>in</em></span> <span class='ocrx_word' id='word_1_318' title='bbox 337 3836 383 3894; x_wconf 86' lang='lat' dir='ltr'><em>dic</em></span> <span class='ocrx_word' id='word_1_319' title='bbox 397 3836 518 3895; x_wconf 88' lang='lat' dir='ltr'><em>Natalis</em></span> <span class='ocrx_word' id='word_1_320' title='bbox 526 3837 650 3894; x_wconf 86' lang='lat' dir='ltr'><em>Domini</em></span> <span class='ocrx_word' id='word_1_321' title='bbox 663 3847 689 3896; x_wconf 89' lang='lat' dir='ltr'><em>et</em></span> <span class='ocrx_word' id='word_1_322' title='bbox 703 3836 829 3913; x_wconf 74' lang='lat' dir='ltr'><em>qnotidie</em></span> <span class='ocrx_word' id='word_1_323' title='bbox 837 3858 893 3912; x_wconf 77' lang='lat' dir='ltr'><em>per</em></span> <span class='ocrx_word' id='word_1_324' title='bbox 904 3837 1048 3909; x_wconf 85' lang='lat' dir='ltr'><em>Octccas;</em></span> <span class='ocrx_word' id='word_1_325' title='bbox 1068 3839 1102 3897; x_wconf 86' lang='lat' dir='ltr'><em>in</em></span> <span class='ocrx_word' id='word_1_326' title='bbox 1116 3839 1163 3898; x_wconf 88' lang='lat' dir='ltr'><em>die</em></span> <span class='ocrx_word' id='word_1_327' title='bbox 1171 3838 1338 3918; x_wconf 61' lang='lat' dir='ltr'><em>fflpmlama</em></span> 
     </span>
    </p>
   </div>
   <div class='ocr_carea' id='block_1_7' title="bbox 205 3988 685 4048">
    <p class='ocr_par' dir='ltr' id='par_1_11' title="bbox 205 3988 685 4048">
     <span class='ocr_line' id='line_1_37' title="bbox 205 3988 685 4048; baseline 0.006 -15"><span class='ocrx_word' id='word_1_328' title='bbox 205 3988 218 4013; x_wconf 79' lang='lat'>¹</span> <span class='ocrx_word' id='word_1_329' title='bbox 235 3988 288 4034; x_wconf 88' lang='lat' dir='ltr'><em>The</em></span> <span class='ocrx_word' id='word_1_330' title='bbox 298 3988 379 4047; x_wconf 80' lang='lat' dir='ltr'><em>MSS,</em></span> <span class='ocrx_word' id='word_1_331' title='bbox 390 3991 475 4048; x_wconf 84' lang='lat' dir='ltr'><em>except</em></span> <span class='ocrx_word' id='word_1_332' title='bbox 486 3989 515 4047; x_wconf 80' lang='lat' dir='ltr'><em>E,</em></span> <span class='ocrx_word' id='word_1_333' title='bbox 525 3990 584 4035; x_wconf 86' lang='lat' dir='ltr'><em>omit</em></span> <span class='ocrx_word' id='word_1_334' title='bbox 594 3995 685 4039; x_wconf 82' lang='lat' dir='ltr'><em>secrete.</em></span> 
     </span>
    </p>
   </div>
   <div class='ocr_carea' id='block_1_8' title="bbox 144 4072 1332 4194">
    <p class='ocr_par' dir='ltr' id='par_1_12' title="bbox 144 4072 1332 4194">
     <span class='ocr_line' id='line_1_38' title="bbox 203 4072 1332 4175; baseline 0.005 -59"><span class='ocrx_word' id='word_1_335' title='bbox 203 4072 288 4175; x_wconf 45' lang='lat' dir='ltr'><em>{This</em></span> <span class='ocrx_word' id='word_1_336' title='bbox 304 4072 326 4117; x_wconf 88' lang='lat' dir='ltr'><em>is</em></span> <span class='ocrx_word' id='word_1_337' title='bbox 342 4073 383 4117; x_wconf 90' lang='lat' dir='ltr'><em>the</em></span> <span class='ocrx_word' id='word_1_338' title='bbox 399 4074 509 4119; x_wconf 85' lang='lat' dir='ltr'><em>notation</em></span> <span class='ocrx_word' id='word_1_339' title='bbox 525 4074 550 4119; x_wconf 87' lang='lat' dir='ltr'><em>ol</em></span> <span class='ocrx_word' id='word_1_340' title='bbox 570 4074 601 4118; x_wconf 89' lang='lat' dir='ltr'><em>all</em></span> <span class='ocrx_word' id='word_1_341' title='bbox 617 4074 658 4143; x_wconf 77' lang='lat' dir='ltr'><em>the</em></span> <span class='ocrx_word' id='word_1_342' title='bbox 675 4073 757 4132; x_wconf 76' lang='lat' dir='ltr'><em>MSS,</em></span> <span class='ocrx_word' id='word_1_343' title='bbox 773 4078 860 4133; x_wconf 84' lang='lat' dir='ltr'><em>except</em></span> <span class='ocrx_word' id='word_1_344' title='bbox 876 4076 930 4122; x_wconf 90' lang='lat' dir='ltr'><em>that</em></span> <span class='ocrx_word' id='word_1_345' title='bbox 946 4075 967 4122; x_wconf 82' lang='grc' dir='ltr'>Ε</span> <span class='ocrx_word' id='word_1_346' title='bbox 984 4076 1054 4134; x_wconf 82' lang='lat' dir='ltr'><em>gives</em></span> <span class='ocrx_word' id='word_1_347' title='bbox 1068 4080 1117 4123; x_wconf 82' lang='lat' dir='ltr'><em>two</em></span> <span class='ocrx_word' id='word_1_348' title='bbox 1127 4079 1233 4125; x_wconf 81' lang='lat' dir='ltr'><em>notaeto</em></span> <span class='ocrx_word' id='word_1_349' title='bbox 1243 4076 1332 4124; x_wconf 77' lang='lat' dir='ltr'><em>thoas</em></span> 
     </span>
     <span class='ocr_line' id='line_1_39' title="bbox 144 4129 1331 4194; baseline 0.005 -20"><span class='ocrx_word' id='word_1_350' title='bbox 144 4129 204 4189; x_wconf 85' lang='lat' dir='ltr'><em>sylla</em></span> <span class='ocrx_word' id='word_1_351' title='bbox 220 4129 242 4174; x_wconf 90' lang='lat' dir='ltr'><em>le</em></span> <span class='ocrx_word' id='word_1_352' title='bbox 252 4131 277 4176; x_wconf 85' lang='lat' dir='ltr'><em>ot</em></span> <span class='ocrx_word' id='word_1_353' title='bbox 286 4131 366 4190; x_wconf 84' lang='lat' dir='ltr'><em>Deam,</em></span> <span class='ocrx_word' id='word_1_354' title='bbox 376 4146 404 4178; x_wconf 85' lang='lat' dir='ltr'><em>as</em></span> <span class='ocrx_word' id='word_1_355' title='bbox 414 4133 498 4181; x_wconf 88' lang='lat' dir='ltr'><em>below.</em></span> <span class='ocrx_word' id='word_1_356' title='bbox 532 4134 585 4178; x_wconf 87' lang='lat' dir='ltr'><em>The</em></span> <span class='ocrx_word' id='word_1_357' title='bbox 594 4134 694 4191; x_wconf 80' lang='lat' dir='ltr'><em>reading</em></span> <span class='ocrx_word' id='word_1_358' title='bbox 704 4134 730 4179; x_wconf 85' lang='lat' dir='ltr'><em>of</em></span> <span class='ocrx_word' id='word_1_359' title='bbox 744 4138 807 4180; x_wconf 89' lang='lat' dir='ltr'><em>most</em></span> <span class='ocrx_word' id='word_1_360' title='bbox 818 4135 844 4180; x_wconf 87' lang='lat' dir='ltr'><em>ot</em></span> <span class='ocrx_word' id='word_1_361' title='bbox 858 4135 898 4181; x_wconf 88' lang='lat' dir='ltr'><em>the</em></span> <span class='ocrx_word' id='word_1_362' title='bbox 913 4135 1010 4194; x_wconf 82' lang='lat' dir='ltr'><em>printed</em></span> <span class='ocrx_word' id='word_1_363' title='bbox 1024 4135 1128 4182; x_wconf 85' lang='lat' dir='ltr'><em>editions</em></span> <span class='ocrx_word' id='word_1_364' title='bbox 1138 4137 1162 4183; x_wconf 88' lang='lat' dir='ltr'><em>is</em></span> <span class='ocrx_word' id='word_1_365' title='bbox 1172 4151 1200 4184; x_wconf 87' lang='lat' dir='ltr'><em>as</em></span> <span class='ocrx_word' id='word_1_366' title='bbox 1209 4137 1331 4184; x_wconf 67' lang='lat' dir='ltr'><em>follow-</em></span> 
     </span>
    </p>
   </div>
   <div class='ocr_carea' id='block_1_9' title="bbox 507 4403 1009 4454">
    <p class='ocr_par' dir='ltr' id='par_1_13' title="bbox 507 4403 1009 4454">
     <span class='ocr_line' id='line_1_40' title="bbox 507 4403 1009 4454; baseline 0.004 -4"><span class='ocrx_word' id='word_1_367' title='bbox 507 4403 617 4450; x_wconf 82' lang='lat' dir='ltr'><em>Gre-do</em></span> <span class='ocrx_word' id='word_1_368' title='bbox 663 4405 690 4450; x_wconf 88' lang='lat' dir='ltr'><em>in</em></span> <span class='ocrx_word' id='word_1_369' title='bbox 740 4419 848 4454; x_wconf 90' lang='lat' dir='ltr'><em>u-num</em></span> <span class='ocrx_word' id='word_1_370' title='bbox 878 4406 1009 4452; x_wconf 83' lang='lat' dir='ltr'><em>De-um.</em></span> 
     </span>
    </p>
   </div>
   <div class='ocr_carea' id='block_1_10' title="bbox 57 4490 1326 4649">
    <p class='ocr_par' dir='ltr' id='par_1_14' title="bbox 57 4490 1326 4649">
     <span class='ocr_line' id='line_1_41' title="bbox 202 4490 1326 4553; baseline 0.006 -17"><span class='ocrx_word' id='word_1_371' title='bbox 202 4490 255 4536; x_wconf 80' lang='lat' dir='ltr'><em>The</em></span> <span class='ocrx_word' id='word_1_372' title='bbox 264 4491 364 4551; x_wconf 81' lang='lat' dir='ltr'><em>reading</em></span> <span class='ocrx_word' id='word_1_373' title='bbox 375 4493 399 4532; x_wconf 70' lang='lat' dir='ltr'><em>„s</em></span> <span class='ocrx_word' id='word_1_374' title='bbox 414 4492 454 4538; x_wconf 86' lang='lat' dir='ltr'><em>the</em></span> <span class='ocrx_word' id='word_1_375' title='bbox 465 4492 536 4538; x_wconf 84' lang='lat' dir='ltr'><em>MSS.</em></span> <span class='ocrx_word' id='word_1_376' title='bbox 548 4508 635 4552; x_wconf 80' lang='lat' dir='ltr'><em>agrees</em></span> <span class='ocrx_word' id='word_1_377' title='bbox 644 4495 705 4542; x_wconf 81' lang='lat' dir='ltr'><em>with</em></span> <span class='ocrx_word' id='word_1_378' title='bbox 715 4496 755 4541; x_wconf 88' lang='lat' dir='ltr'><em>the</em></span> <span class='ocrx_word' id='word_1_379' title='bbox 767 4494 854 4540; x_wconf 87' lang='lat' dir='ltr'><em>Serum</em></span> <span class='ocrx_word' id='word_1_380' title='bbox 864 4495 953 4553; x_wconf 84' lang='lat' dir='ltr'><em>books;</em></span> <span class='ocrx_word' id='word_1_381' title='bbox 976 4496 1023 4543; x_wconf 90' lang='lat' dir='ltr'><em>but</em></span> <span class='ocrx_word' id='word_1_382' title='bbox 1031 4497 1085 4544; x_wconf 85' lang='lat' dir='ltr'><em>that</em></span> <span class='ocrx_word' id='word_1_383' title='bbox 1096 4497 1123 4543; x_wconf 85' lang='lat' dir='ltr'><em>ol</em></span> <span class='ocrx_word' id='word_1_384' title='bbox 1136 4497 1180 4544; x_wconf 81' lang='lat' dir='ltr'><em>the</em></span> <span class='ocrx_word' id='word_1_385' title='bbox 1191 4496 1250 4545; x_wconf 80' lang='lat' dir='ltr'><em>Edd.</em></span> <span class='ocrx_word' id='word_1_386' title='bbox 1259 4490 1326 4543; x_wconf 67' lang='lat' dir='ltr'><em>Met</em></span> 
     </span>
     <span class='ocr_line' id='line_1_42' title="bbox 57 4549 1042 4649; baseline 0.007 -54"><span class='ocrx_word' id='word_1_387' title='bbox 57 4617 65 4634; x_wconf 35' lang='grc' dir='ltr'>ι</span> <span class='ocrx_word' id='word_1_388' title='bbox 142 4549 274 4649; x_wconf 54' lang='lat' dir='ltr'><em>bothfrcm</em></span> <span class='ocrx_word' id='word_1_389' title='bbox 282 4552 323 4596; x_wconf 86' lang='lat' dir='ltr'><em>the</em></span> <span class='ocrx_word' id='word_1_390' title='bbox 334 4551 420 4596; x_wconf 77' lang='lat' dir='ltr'><em>Smum</em></span> <span class='ocrx_word' id='word_1_391' title='bbox 430 4552 478 4596; x_wconf 86' lang='lat' dir='ltr'><em>and</em></span> <span class='ocrx_word' id='word_1_392' title='bbox 487 4553 528 4598; x_wconf 89' lang='lat' dir='ltr'><em>the</em></span> <span class='ocrx_word' id='word_1_393' title='bbox 543 4553 643 4600; x_wconf 87' lang='lat' dir='ltr'><em>Roman.</em></span> <span class='ocrx_word' id='word_1_394' title='bbox 1039 4584 1042 4592; x_wconf 89' lang='lat'>·</span> 
     </span>
    </p>
   </div>
   <div class='ocr_carea' id='block_1_11' title="bbox 0 0 1468 4996">
    <p class='ocr_par' dir='ltr' id='par_1_15' title="bbox 0 0 1468 4996">
     <span class='ocr_line' id='line_1_43' title="bbox 0 0 1468 4996; baseline 0 1"><span class='ocrx_word' id='word_1_395' title='bbox 0 0 1468 4996; x_wconf 95' lang='lat' dir='ltr'><em> </em></span> 
     </span>
    </p>
   </div>
  </div>
 </body>
</html>
