2926 4996
459 380 679 447 Hebdomada
694 380 750 446 iii.
770 382 1050 468 Quadrupesimoe.
1312 389 1353 454 67

148 548 249 607 ficium
263 548 472 606 celebrandum
486 548 672 606 subditorum
687 549 744 606 tibi
757 569 878 626 corpora
893 557 1065 628 mentesque
1082 553 1251 611 sanctificet.
1296 554 1354 610 Per

150 631 322 689 Dominum

211 709 487 769 0011111111,

210 791 315 848 Passer
328 790 445 847 invenit
458 791 515 847 sibi
528 790 666 848 domum:
688 796 718 848 et
731 797 834 848 turtur
847 793 959 864 nidum,
970 794 1022 850 ubi
1031 768 1153 871 reponat
1164 795 1258 872 pullos
1269 816 1353 854 suos:

146 871 255 929 altaria
278 880 339 942 tua,
364 871 493 929 Domine
514 871 672 942 virtutum,
699 872 768 928 Rex
792 892 874 930 meus
902 879 932 930 et
952 837 1038 931 Deus
1063 895 1164 933 meus:
1198 877 1278 934 beati
1302 878 1355 953 qui

146 953 308 1010 habitant
300 972 332 1009 111
345 953 432 1010 domo
447 958 516 1009 tun:
537 953 570 1008 in
584 916 723 1010 saeculum
737 953 836 1010 saeculi
849 954 1015 1012 laudabunt
1027 961 1065 1014 te.

208 1035 278 1091 Pcs
268 1043 449 1091 0011111110

209 1115 240 1172 A
260 1113 374 1171 cunctis
397 1134 460 1185 nos,
485 1113 621 1186 Domine,
650 1086 780 1171 reatibus
804 1119 835 1171 et
858 1115 996 1191 periculis
1022 1117 1198 1193 propitiatus
1225 1088 1351 1191 absolve,

145 1215 221 1272 quos
235 1196 313 1252 tanti
326 1195 462 1271 mysterii
475 1195 584 1251 tribuis
598 1214 659 1252 esse
673 1196 838 1271 participes
883 1196 942 1253 Per
955 1197 1125 1256 Dominum

612 1357 712 1416 Fanni
733 1358 887 1417 Saturni.

208 1441 348 1516 Officium.

207 1522 247 1579 In
269 1523 334 1580 Deo
357 1521 483 1579 laudabo
504 1521 644 1578 verbum:
670 1520 702 1577 in
724 1521 854 1578 Domino
877 1521 1002 1579 laudabo
1027 1542 1210 1581 sermonem:
1235 1523 1268 1580 in
1289 1525 1353 1582 Deo

144 1604 268 1680 spelavi,
285 1622 345 1661 non
359 1603 470 1660 timebo
484 1602 556 1678 quid
570 1602 659 1659 faciat
673 1601 747 1657 mihi
760 1602 856 1658 homo.

207 1684 351 1741 Fecimus.
473 1756 476 1761 Ι

206 1765 348 1822 Miserere
362 1763 429 1835 mei,
445 1764 534 1836 Deus,
551 1762 690 1839 quoniam
711 1763 895 1821 conculcavit
914 1783 962 1821 me
975 1764 1079 1822 homo:
1101 1772 1166 1822 1011
1180 1766 1227 1823 die
1240 1766 1352 1845 impug-

143 1866 218 1903 nans
234 1845 391 1902 tribulavit
408 1864 462 1902 me.

206 1925 316 1986 0111110.

205 2007 351 2065 Cordibus
385 2005 503 2077 nostris,
538 2025 713 2081 quaesumus,
750 2006 884 2073 Domine,
919 2006 1046 2082 gratiam
1084 2013 1167 2065 tuam
1205 2008 1350 2066 benionus

143 2088 289 2146 infunde:
310 2094 346 2144 ut
366 2087 442 2144 sicut
462 2087 500 2143 ab
521 2086 592 2143 escis
613 2086 811 2161 corporalibus
831 2086 1029 2144 abstinemus:
1050 2088 1094 2145 ita
1114 2109 1215 2146 sensus
1233 2055 1349 2165 qubque

143 2179 260 2227 nostros
274 2189 292 2226 a
305 2169 403 2225 noxiis
416 2167 601 2225 retrahamus
615 2167 788 2224 excessibus.
833 2166 891 2223 Per
904 2168 1074 2225 Dominum.

204 2251 301 2308 Lectio
315 2249 383 2306 111111
395 2249 508 2323 Bepara
522 2247 558 2325 (4
573 2269 597 2305 v.
616 2247 709 2325 1-15).

204 2332 245 2389 In
259 2331 363 2388 diebus
377 2330 445 2401 illis,
463 2330 600 2386 Naaman
614 2329 749 2404 princeps
764 2329 878 2385 1111111111
892 2329 968 2406 regis
987 2329 1078 2405 Syriae
1099 2351 1190 2405 usqae
1211 2334 1251 2388 cd
1271 2334 1351 2390 Vere

141 2413 203 2470 scio
224 2411 304 2489 qnod
324 2430 385 2467 non
405 2411 445 2468 sit
469 2411 552 2467 Deus
573 2409 648 2467 alius
668 2410 701 2466 in
718 2410 857 2466 universa
878 2415 966 2481 terra,
984 2411 1043 2467 nisi
1063 2418 1182 2468 tantum
1205 2414 1351 2470 Dominus

143 2495 226 2550 Deus
241 2491 343 2550 Israel.

176 2617 179 2623 -
204 2573 339 2632 G-rodcle.
1092 2633 1094 2637 .

203 2657 295 2725 Deus,
308 2655 412 2726 ‚vitam
437 2673 532 2710 meam
555 2651 693 2709 nuntiavi
715 2652 789 2709 tibi:
814 2652 940 2728 posuisti
962 2653 1105 2730 lacrymas
1129 2674 1209 2712 meae
1234 2657 1266 2712 in
1288 2676 1353 2713 con-

144 2742 246 2812 spectu
261 2743 322 2792 tuo

152 2817 178 2872 V.
206 2817 349 2873 Miserere
371 2815 454 2885 mihi,
480 2814 616 2887 Domine,
640 2815 779 2890 quoniam
803 2815 986 2872 conculcavit
1009 2835 1057 2873 me
1082 2815 1187 2874 homo:
1218 2823 1283 2875 tota
1306 2819 1353 2874 die

146 2897 258 2955 bellans
272 2896 430 2953 tribulavit
446 2915 502 2952 me.

204 2977 405 3052 Eoonqeliam.
449 2976 617 3034 Secundam
632 2974 746 3033 lacum
766 2975 796 3046 (
784 2995 819 3033 10
839 2977 885 3032 23-
889 2977 927 3032 30
928 2976 953 3054 )

204 3060 245 3116 In
258 3058 310 3115 1110
332 3065 473 3133 tempore,
490 3057 642 3114 Dixerunt
665 3056 807 3113 Pharisaei
830 3057 868 3114 ad
889 3057 1014 3114 Jesum:
1044 3059 1164 3128 Quanta
1188 3061 1354 3118 audivimus

151 3139 242 3198 fecta
233 3160 266 3196 111
280 3138 489 3216 Ospharnaum
504 3158 593 3212 nsque
607 3139 648 3195 od
662 3137 731 3214 Ipse
745 3144 845 3198 autem
860 3139 1006 3200 transiens
1015 3158 1068 3215 per
1082 3140 1212 3197 medium
1225 3141 1352 3210 illorum,

156 3219 217 3278 ibat.

206 3301 398 3375 offertorium.

205 3383 332 3453 Exaudi,
362 3383 452 3452 Deus,
475 3380 645 3437 ,orationem
673 3399 776 3452 meam,
798 3386 828 3437 et
855 3400 892 3442 ne
923 3381 1090 3458 despexeris
1118 3382 1352 3460 deprecationem

156 3478 257 3521 neam:
280 3463 403 3520 intende
416 3462 449 3518 in
462 3482 517 3534 me,
534 3467 564 3519 et
578 3460 687 3518 exaudi
700 3480 754 3519 me.

206 3543 324 3602 Secreto.

206 3624 318 3681 Munus
340 3624 419 3700 quod
439 3624 505 3693 tibi,
524 3623 660 3693 Domine,
675 3627 782 3679 nostrae
805 3622 959 3680 servitutis
983 3624 1141 3696 offerimus,
1166 3630 1200 3680 111
1223 3625 1351 3683 salutare

147 3705 230 3762 nobis
243 3705 350 3782 perfice
363 3709 585 3762 sacramentum.
629 3703 689 3760 Per
702 3703 873 3760 Dominum.

207 3784 384 3844 Coruncanio.

207 3868 278 3936 Quis
292 3866 376 3924 dabit
389 3885 428 3922 ex
442 3865 514 3922 Sion
528 3865 655 3921 salutare
669 3864 783 3922 Israel:
810 3884 878 3921 cum
899 3885 970 3924 aver
971 3866 1041 3923 terit
1062 3867 1209 3926 Dominus
1227 3870 1349 3946 captivi·

131 3942 234 4004 tatem
249 3948 344 4025 plebis
357 3966 426 4017 suae,
441 3945 590 4003 exultabit
603 3946 698 4003 Jacob
712 3952 743 4002 et
756 3945 910 4003 laetabitur
924 3947 1025 4004 Israel.

208 3992 445 4111 Postcommanib.

156 4104 343 4167 Praesta
318 4126 516 4185 ,quaesumus,
532 4107 718 4200 omnipotens
740 4114 771 4164 et
792 4107 955 4165 misericors
977 4109 1068 4181 Deus,
1083 4116 1119 4168 ut
1133 4130 1197 4187 quae
1217 4131 1266 4170 ore
1284 4133 1350 4172 con-

124 4181 294 4263 tingimus,
308 4210 384 4268 pura
397 4195 496 4246 mente
510 4188 666 4265 capiamus.
710 4188 768 4246 Per
782 4190 953 4248 Dominum

212 4271 249 4328 Su
244 4271 473 4362 pchopalaoa

213 4348 366 4410 Subveniat
399 4350 492 4423 nobis,
528 4369 703 4426 quaesumus,
741 4351 878 4423 Domine,
915 4351 1123 4411 misericordia
1149 4360 1209 4427 tua,
1242 4362 1277 4413 ut
1311 4357 1348 4412 ab

126 4418 366 4492 imminentibus
387 4438 573 4509 peccatorum
595 4438 764 4490 nostrorum
787 4432 924 4510 periculis
941 4439 971 4492 te
992 4454 1157 4492 mereamur
1178 4441 1280 4513 prote
1263 4444 1349 4495 vento

127 4504 260 4572 ⁸⁸elvari.
300 4514 358 4572 Per
372 4513 543 4572 Dominum.
