2926 4996
128 296 190 356 238
250 292 352 356 ibris
374 291 414 355 io.
441 291 607 372 ercrttuor
631 291 832 376 Temperiem
853 291 981 357 Memis
1003 292 1214 377 Septembris.

206 460 218 487 ›
263 490 265 494 ,

189 459 353 616 ilgcdhdriim
373 560 439 596 sum
454 539 602 596 Dominus
617 539 699 597 Deus
720 546 798 611 tuus,
814 539 867 616 qui
884 540 977 597 eduxi
994 545 1025 598 te
1038 540 1076 598 de
1089 545 1172 598 terra
1186 539 1326 617 AEgypti:

127 621 221 677 dilata
234 641 266 678 os
280 628 376 694 tuum,
392 628 422 678 et
436 621 566 697 implebo
580 620 664 677 illud.

190 713 291 771 Oratio
306 714 367 770 sim
382 714 529 770 Dominus
542 713 703 786 vobiscum,
720 714 850 772 cedrum
864 713 997 772 Oremus.

191 794 299 852 Oratio.

189 875 401 932 Misericordiae
428 881 488 932 tuoe
516 875 662 945 remediis,
691 895 867 951 quaesumus,
894 875 1031 946 Domine,
1051 875 1208 952 *fragilitas
1235 880 1328 932 nostra

128 957 270 1013 subsistat
280 977 289 1029 3
318 962 353 1013 ut
377 976 442 1032 quae
467 976 520 1013 sua
543 956 712 1013 conditione
738 956 887 1028 atteritur,
913 963 967 1015 tua
990 957 1148 1015 clementia
1171 962 1326 1034 reparetur.

128 1037 188 1095 Per
208 1038 380 1096 Dominum.

190 1136 286 1193 Lectio
299 1137 389 1194 druos
403 1135 554 1210 Propleetae
567 1135 623 1213 (ix.
644 1135 757 1214 13-15).

190 1217 265 1273 Haec
289 1217 362 1274 dicit
386 1217 551 1288 Dominus,
582 1217 657 1274 Ecce
681 1216 743 1274 dies
767 1217 901 1288 veniunt,
926 1222 957 1275 et
981 1216 1210 1293 comprehendet
1237 1221 1328 1274 arator

129 1318 218 1372 seqare
239 1299 280 1354 ad
300 1305 330 1354 et
351 1318 411 1354 non
431 1297 554 1355 evellam
576 1317 625 1355 eos
645 1298 726 1355 ultra
746 1299 782 1355 de
803 1304 884 1356 terra
904 1318 965 1370 sua,
988 1317 1078 1373 quam
1100 1297 1170 1356 dedi
1191 1297 1242 1368 eis,
1264 1297 1327 1356 dicit

130 1380 278 1436 Dominus
293 1379 487 1456 omnipotens.

193 1459 327 1517 Grudcle.

190 1541 318 1597 Domine
333 1540 481 1616 refugium
494 1539 591 1596 factus
605 1560 635 1597 es
648 1541 752 1597 nobis:
773 1560 791 1597 a
803 1541 993 1618 generatione
1007 1547 1037 1597 et
1050 1538 1199 1617 progenie.

135 1623 164 1679 V.
192 1622 370 1696 Priusquam
391 1627 506 1678 montes
526 1621 640 1694 fierent,
656 1628 709 1679 aut
729 1622 908 1679 formaretur
927 1628 1007 1680 terra
1028 1627 1059 1679 et
1079 1622 1178 1680 orbis:
1199 1641 1217 1678 a
1231 1621 1327 1680 saeculo

130 1712 161 1759 et
176 1703 209 1758 in
223 1702 371 1772 saeculum,
387 1703 432 1758 Tu
447 1721 477 1758 es
491 1701 582 1759 Deus.

136 1784 165 1842 V.
192 1784 333 1840 Accedite
344 1784 382 1840 ad
393 1803 469 1855 eum,
483 1789 512 1840 et
523 1783 753 1840 illuminamini:
774 1788 805 1842 et
815 1783 905 1842 facies
912 1790 1017 1842 vestrae
1032 1803 1093 1842 non
1106 1783 1325 1842 confundentur.

194 1864 322 1922 ornam
332 1873 397 1940 post
417 1865 537 1922 Versum
550 1885 611 1922 non
624 1874 779 1940 repetatur.

192 1945 339 2002 Dominus
353 1946 512 2003 vobiscum.

194 2040 303 2097 Oratis.

192 2122 314 2193 Praesta,
331 2140 508 2196 quaesumus,
525 2121 661 2190 Domine,
676 2120 796 2178 familiae
812 2127 871 2178 tuae
893 2120 1081 2197 supplicanti,
1096 2125 1132 2178 ut
1145 2121 1220 2178 dum
1233 2141 1252 2178 a
1264 2120 1327 2178 cibis

130 2203 330 2278 corporalibus
344 2221 374 2259 se
387 2202 525 2272 abstinet,
540 2221 558 2258 a
572 2203 654 2258 vitiis
668 2208 767 2259 mente
776 2203 902 2279 jejunet.
946 2202 1012 2260 Per.

192 2301 289 2359 Lectio
303 2299 407 2357 Esdroe
422 2299 570 2375 Prophetes
591 2298 781 2377 (Nehonem),
798 2301 815 2356 2
830 2301 891 2358 aiii.
909 2300 986 2358 1-10.

194 2382 233 2438 In
248 2382 350 2439 diebus
363 2381 433 2454 illis,
450 2381 651 2456 Congregatus
666 2388 710 2438 est
724 2383 820 2439 omnis
834 2383 960 2459 populus
981 2382 1066 2458 quasi
1078 2382 1128 2439 vir
1147 2401 1228 2440 unus
1247 2401 1328 2458 usquc

132 2465 173 2522 cd
186 2464 327 2540 gaudium
342 2463 453 2520 etenim
467 2462 592 2519 Domini
606 2469 650 2518 cst
664 2462 809 2519 fortitudo
822 2469 930 2520 vestra.

196 2544 330 2602 Gradole.

195 2625 269 2695 Quis
290 2625 366 2682 sicut
380 2623 529 2681 Dominus
543 2624 626 2681 Deus
645 2631 764 2682 noster:
785 2625 889 2701 quiin
909 2624 979 2682 altis
999 2624 1125 2698 habitat,
1147 2630 1179 2684 et
1201 2625 1328 2694 humilio,

134 2707 254 2783 respicit
268 2707 301 2762 in
315 2705 384 2763 caelo
399 2712 429 2762 et
442 2707 475 2762 in
488 2712 576 2762 terra.

140 2789 168 2846 V.
196 2787 348 2845 Suscitans
362 2807 380 2842 a
393 2792 474 2843 terra
487 2787 623 2862 inopem:
644 2787 724 2844 et'de
738 2793 865 2845 stercore
879 2786 993 2863 erigens
1006 2807 1174 2864 pauperem.

196 2867 322 2926 Gradctle
330 2877 398 2943 post
417 2868 535 2925 Versum
547 2876 700 2943 repetatur.

194 2965 364 3024 Secundum
377 2965 517 3023 Marcum
530 2966 586 3040 (im.
606 2965 722 3043 16-28).

194 3048 235 3104 In
248 3047 300 3104 illo
315 3052 454 3122 tempore,
470 3047 662 3122 Respondens
683 3067 760 3104 unus
777 3048 923 3118 deturba,
939 3046 1018 3104 dixit
1030 3047 1068 3105 ad
1081 3046 1105 3105 J
1105 3066 1209 3121 esum,
1229 3045 1331 3124 Megis-

132 3137 187 3201 ter,
203 3128 293 3186 attuli
306 3128 402 3184 filium
414 3147 514 3184 meum
528 3148 618 3202 usque
632 3129 672 3184 ud
686 3128 754 3185 Hoc
767 3148 859 3205 genus
873 3129 906 3185 in
918 3127 1001 3186 nullo
1015 3135 1113 3205 potest
1126 3129 1218 3201 exire,
1233 3128 1290 3186 nisi
1301 3127 1330 3185 in

135 3211 267 3269 oratione
281 3215 311 3266 et
320 3209 445 3284 jejunia

196 3291 390 3365 Offirtorium.

194 3373 364 3430 Meditabor
377 3372 409 3428 in
423 3371 570 3428 mandatis
584 3371 652 3445 tuis,
668 3391 734 3448 quae
745 3371 838 3430 dilexi
851 3371 955 3431 valde:
975 3378 1006 3430 et
1019 3371 1124 3430 levabo
1137 3391 1245 3430 manus
1258 3388 1332 3430 meas

134 3454 173 3515 ad
186 3454 326 3510 mandata
339 3459 400 3525 tua,
416 3472 482 3529 quae
496 3453 596 3510 dilexi.

195 3533 317 3593 Secreto.

196 3616 271 3673 Haec
291 3615 397 3685 hostia,
413 3614 549 3686 Domine,
565 3634 741 3690 quaesumus,
761 3616 902 3674 emundet
920 3621 1023 3674 nostra
1042 3615 1158 3686 delicta,
1180 3621 1213 3674 et
1232 3614 1332 3675 sacrifi·

135 3698 213 3756 cium
235 3697 441 3754 celebrandum
462 3696 648 3753 subditorum
668 3696 726 3753 tibi
746 3717 867 3774 corpora
880 3702 1052 3774 mentesque
1065 3697 1236 3757 sanctificet
1279 3696 1332 3756 Per

135 3778 301 3837 Dominum
314 3782 449 3834 nostrum
463 3776 485 3834 J
487 3796 569 3834 esum
584 3776 744 3835 Christum.

197 3857 376 3919 Communia

197 3939 349 3998 comedite
369 3938 500 4016 pinguia,
516 3944 547 3996 et
567 3938 660 3996 bibite
680 3939 826 3998 mulsum:
848 3946 878 3998 et
898 3940 1011 3999 mittite
1031 3945 1129 4018 partes
1142 3938 1196 4015 eis,
1210 3940 1265 4018 qui
1277 3958 1333 3999 non

135 4027 377 4099 praeparaverunt
395 4020 470 4078 sibi:
491 4026 610 4079 sanctus
630 4020 710 4078 enim
730 4022 793 4079 dies
813 4021 938 4080 Domini
957 4027 1011 4093 est,
1031 4021 1125 4080 nolite
1144 4020 1330 4081 contristari:

136 4103 277 4179 gaudium
291 4102 402 4159 etenim
416 4101 539 4158 Domini
552 4107 597 4159 est
610 4101 756 4161 fortitudo
769 4109 876 4161 vestra„

197 4184 268 4241 Post
258 4181 440 4241 tconrnmnio

198 4264 362 4334 Sumentes,
385 4263 521 4337 Domine,
542 4264 620 4321 dona
647 4264 781 4338 coelestia,
805 4264 976 4343 suppliciter
996 4265 1198 4344 deprecamur,
1217 4269 1255 4325 ut
1273 4280 1333 4344 que

136 4345 238 4403 sedula
258 4347 401 4402 servitute
422 4310 550 4402 donarite
569 4351 600 4402 te
620 4346 757 4422 gerimus,
773 4346 870 4422 dignis
891 4347 1025 4407 sensibus
1048 4353 1100 4406 tuo
1121 4366 1245 4407 munem
1264 4345 1334 4427 capi·

136 4447 228 4487 amus
272 4426 331 4484 Per
344 4426 509 4484 Dominum
522 4432 658 4485 nostrum
671 4427 694 4487 J
695 4447 777 4486 esum
792 4427 953 4488 Christum.
