2926 4996
130 361 193 422 142
526 357 619 423 Dona.
643 356 687 422 ic.
711 363 782 442 post
802 357 939 422 Parata.

191 525 237 582 Hi
268 525 326 582 dao
360 525 463 582 Versae
496 523 649 581 Modicum
678 533 704 582 et
735 524 850 582 Iterum
878 524 1017 583 dicantar
1041 546 1097 602 per
1123 526 1328 588 hebdomadam

130 605 299 663 alternatim
307 606 405 680 priato
421 604 486 675 loco,
503 606 619 679 quaudo
634 606 668 662 de
681 604 771 662 Faria
785 607 891 680 apitar.

192 686 354 760 Sequentia.
398 686 537 742 Victima
551 685 695 757 Paschali,
710 695 744 742 at
757 705 855 761 aepra.

191 777 358 836 Seeaadura
371 777 537 836 Joleaaraera
557 777 630 853 (avi.
650 778 764 854 16-22).

191 860 231 916 In
256 859 307 917 illo
332 865 472 934 tempore,
496 858 584 914 Dixit
608 859 630 917 J
632 878 696 915 esus
717 859 866 934 discipulis
888 861 948 917 suis
960 881 969 933 3
1007 860 1161 920 Modicum
1183 883 1274 940 araque
1293 865 1328 923 od

130 946 161 998 et
174 940 315 1017 gaudium
329 948 461 997 vestrum
474 959 560 996 nemo
574 939 660 996 tollet
673 959 691 996 a
703 940 794 997 vobis.

130 1034 132 1040 '
193 1021 384 1094 Offertoriart.

191 1102 302 1174 Lauda,
327 1102 426 1158 anima
452 1119 525 1172 mea,
552 1100 732 1158 Dominum:
763 1101 890 1159 laudabo
918 1102 1081 1160 Dominum
1110 1105 1143 1160 in
1166 1105 1232 1164 vita
1258 1125 1325 1179 mea,

130 1182 251 1260 psallam
268 1182 333 1239 Deo
347 1201 412 1239 meo
426 1181 567 1257 quamdiu
580 1181 669 1253 fuer0,
686 1181 821 1257 alleluya.

191 1263 310 1322 Secreta.

191 1343 370 1413 His‘nobis,
393 1362 568 1418 quaesumuS,
594 1341 731 1415 Domine,
757 1343 904 1418 mysteriis
932 1344 1107 1417 conferatur,
1130 1366 1191 1421 quo
1217 1354 1325 1407 terrena

131 1424 274 1482 desideria
287 1424 458 1499 mitigantes
472 1423 617 1480 discamus
631 1443 729 1481 amare
743 1424 876 1483 caelestia.
921 1425 979 1482 Per
993 1425 1165 1483 Dominum.

191 1503 340 1578 Praefatae.
385 1504 426 1560 Et
439 1510 469 1560 te
483 1504 601 1579 quidem
616 1505 697 1560 omni
710 1510 850 1581 tempore,
865 1505 962 1563 sedin
975 1506 1030 1564 hoc
1043 1508 1239 1583 potissimum.

195 1584 374 1644 Communia.

193 1665 354 1736 Modicum,
369 1670 400 1722 et
416 1685 476 1721 uon
489 1665 627 1722 videbitis
643 1685 698 1735 me,
714 1666 859 1741 alleluya:
891 1667 1000 1724 iterum
1022 1668 1182 1742 modicum,
1205 1676 1236 1728 et
1258 1671 1324 1729 vide·

131 1747 202 1804 bitis
216 1766 270 1817 me,
286 1748 356 1821 quia
368 1747 444 1802 vado
458 1746 498 1802 ad·
510 1746 638 1819 Patrem,
653 1747 789 1823 alleluya,
804 1747 939 1824 alleluya

192 1827 432 1884 Postoommauio.
1101 1869 1103 1874 -

190 1908 379 1966 Sacramenta
393 1927 457 1983 quae
472 1907 657 1982 sumpsimus,
672 1908 809 1980 Domine,
824 1927 999 1983 quaesumus,
1015 1915 1046 1966 et
1064 1911 1269 1987 spiritualibus
1282 1931 1323 1969 nos

132 1989 284 2045 instruant
305 1988 461 2059 alimontia,
485 1992 515 2044 et
537 1988 734 2061 corporalibus
755 1995 897 2046 tueantur
917 1990 1046 2047 auxiliis,
1093 1991 1153 2048 Per
1174 1992 1324 2050 Dominum

131 2075 267 2127 nostrum
282 2069 304 2126 J
305 2089 387 2126 esum
402 2068 553 2125 Christum
568 2069 677 2125 Filium
693 2076 786 2130 tuum.

600 2276 700 2333 Fsara
726 2276 862 2345 Quaem.

98 2380 101 2384 ’
193 2408 288 2465 aaa
302 2406 439 2482 Epistola
453 2406 527 2465 atara
541 2406 688 2466 roratas
701 2404 831 2480 Apama·
843 2406 881 2481 (1
897 2407 928 2465 a.
947 2407 993 2464 aa
995 2407 1024 2481 ).

193 2488 362 2545 Carissimi:
388 2488 462 2544 Haec
490 2488 584 2544 scribo
612 2486 703 2557 vobis,
729 2492 764 2543 ut
791 2506 851 2543 non
879 2489 1003 2563 peccetis
1024 2507 1115 2562 usqae
1135 2490 1177 2546 ad
1197 2489 1326 2564 quoniam

131 2569 260 2625 tenebrae
283 2569 473 2639 transierunt,
494 2576 525 2624 et
546 2568 647 2624 lumen
665 2586 769 2624 verum
786 2568 850 2644 jam
872 2569 960 2640 lucet,
980 2588 1034 2645 per
1055 2569 1077 2627 J
1078 2588 1162 2626 esum
1185 2569 1326 2628 Christum

133 2649 295 2707 Dominum
310 2656 452 2706 nostrum.

192 2730 359 2787 siccandam
373 2729 538 2786 Jolaaaem
552 2728 612 2804 (iii.
631 2727 748 2802 25-36).

193 2810 231 2866 ln
246 2810 297 2866 illo
312 2819 451 2885 tempore,
469 2810 558 2866 Facta
572 2816 617 2866 est
630 2811 753 2884 quaestio
767 2829 804 2866 ex
815 2809 966 2886 discipulis
979 2811 1002 2868 J
1003 2810 1127 2869 ohannis
1141 2831 1210 2870 cum
1223 2813 1246 2872 J
1247 2811 1327 2872 udaia

131 2891 169 2948 de
182 2890 384 2966 purificatione
404 2909 493 2966 aaqae
507 2892 547 2948 ad
567 2891 618 2947 sed
631 2892 676 2946 ira
689 2890 748 2947 Dei
761 2897 861 2948 manet
875 2911 961 2968 super
975 2911 1049 2951 eum.

619 3089 720 3146 Fama
740 3089 848 3147 Saxas.

193 3209 244 3267 Ad
258 3209 404 3267 Romanoa
417 3210 490 3286 (rio.
506 3210 608 3284 7-12).

194 3292 332 3348 Fratres:
353 3292 450 3348 Nemo
464 3298 597 3347 nostrum
611 3291 667 3347 sibi
681 3290 758 3348 vivit
771 3311 859 3366 asqae
873 3291 914 3349 ad
927 3291 1073 3349 rationem
1088 3292 1193 3352 reddet
1208 3295 1280 3354 Deo.

193 3373 359 3431 Secundam
372 3372 537 3430 Jolearaaera
554 3372 622 3448 (aii.
640 3372 759 3444 46-50).

194 3454 234 3510 Iu
247 3454 298 3510 illo
311 3461 451 3528 tempore,
464 3453 553 3509 Dixit
563 3452 586 3510 J
587 3472 651 3509 esus
665 3452 816 3528 discipulis
830 3452 898 3523 suia,
912 3452 976 3529 Ego
990 3452 1044 3527 lux
1058 3453 1091 3510 in
1101 3453 1182 3513 hunc
1192 3457 1332 3516 mundum
1347 3461 1348 3465 ’
1367 3455 1370 3458 ’

130 3536 202 3594 reni
215 3555 305 3610 usqae
319 3536 360 3592 ad
374 3534 447 3604 Quae
462 3552 530 3609 ergo
544 3552 597 3610 ego
611 3533 723 3608 loquor,
739 3533 816 3590 sicut
829 3532 908 3590 dixit
920 3533 996 3590 mihi
1009 3533 1106 3608 Pater,
1122 3537 1165 3594 sic
1183 3536 1295 3615 loquor.

454 3736 615 3794 Doumros
636 3736 766 3805 Qucum
785 3736 867 3794 Posr
886 3735 1021 3796 Pascua

196 3834 335 3909 Officiaaa.

103 3957 109 3971 .
194 3915 319 3972 Caritate
347 3913 477 3971 Domino
498 3913 646 3971 canticum
670 3932 790 3985 novum,
815 3911 964 3989 alleluya:
1002 3913 1072 3990 quia
1094 3915 1245 3976 mirabilia
1269 3918 1336 3978 lecit

133 3996 287 4067 Dominus,
303 3996 451 4070 alleluya:
472 4002 542 4052 ante
556 4000 744 4070 conspectum
764 3993 898 4071 gentium
912 3993 1056 4052 revelavit
1071 3995 1227 4071 justitiam
1247 4020 1335 4072 suam,

132 4076 268 4152 alleluya,
283 4077 418 4151 alleluya,
434 4076 569 4152 alleluya.
863 4085 866 4091 '

193 4157 337 4214 Psalraaa.

195 4237 328 4295 Salvavit
341 4238 397 4294 sibi
410 4238 533 4295 dextera
547 4238 628 4313 ejus:
651 4245 681 4296 et
695 4236 848 4295 brachium
861 4242 996 4295 sanctum
1010 4237 1080 4314 ejus.

197 4317 304 4376 Oratio.

195 4399 286 4469 Deus,
309 4399 360 4474 qui
380 4399 512 4457 fidelium
533 4404 646 4457 mentes
666 4400 754 4457 unius
775 4399 862 4457 efficis
882 4398 1067 4473 voluntatis;
1089 4401 1128 4459 da
1147 4403 1267 4480 populis
1279 4403 1335 4462 tuis

133 4480 165 4539 id
185 4500 283 4539 amare
304 4481 383 4559 quod
403 4481 545 4557 praecipis,
567 4481 598 4538 id
619 4481 781 4539 desiderare
802 4480 882 4557 quod
901 4480 1051 4557 promittis
1060 4501 1071 4555 3
1098 4488 1134 4541 ut
1156 4485 1238 4544 inter
1256 4504 1335 4545 mun·
1348 4508 1370 4523 ·
