2926 4996
308 344 418 409 'Missa
441 344 479 408 dc
504 343 659 429 Qiciaq'nc
687 344 893 408 Vulneribus
914 346 997 408 Jesu
1022 345 1160 411 Christi.

331 513 424 587 Cujus
439 512 558 568 demum
572 512 669 568 valeat
684 531 766 568 mens
780 512 828 568 vel
842 512 945 587 lingua
959 513 1024 584 fari,

370 594 524 661 Quantum
538 592 634 668 Virgo
648 593 778 649 creditur
791 594 873 649 intus
888 594 1013 650 cruciari
1021 614 1030 666 3

369 674 453 731 Dum
467 675 562 730 cernit
571 675 635 749 jam
648 680 800 730 mortuum
814 674 893 730 latus
907 675 1066 748 vulnerari,

369 756 473 829 Atque
488 755 562 810 Nati
577 756 688 811 viscera
702 756 804 811 lancea
817 756 938 812 rimari'l

329 835 443 910 Corpus
457 836 576 910 quidem
592 842 741 892 mortuum
750 837 816 911 jam
829 835 873 892 nil
886 836 1041 909 sentiebat,

371 917 428 973 Sed
442 916 547 973 militis
561 917 662 972 lancea
675 922 776 991 pectus
791 917 960 992 aperiebat:

369 998 463 1067 Quam
480 999 571 1053 fixam
586 998 618 1052 in
632 997 723 1054 latere
739 998 810 1054 Filii
824 998 952 1071 videbat,

370 1079 461 1136 Unde
474 1098 551 1153 aqua
564 1079 707 1153 sanguino
722 1080 818 1134 mixta
833 1079 978 1138 effluebat.

328 1160 379 1216 Ad
393 1159 472 1216 hunc
486 1179 555 1234 ergo
568 1179 692 1234 propera
706 1159 818 1216 fontem
833 1160 1004 1232 Salvator-is,

369 1241 415 1298 Ut
429 1241 567 1297 fluentis*
582 1241 731 1315 quippiam
749 1241 867 1297 haurias
881 1241 1027 1312 dulcoris3

368 1323 472 1397 Atque
487 1321 556 1377 vitae
571 1321 719 1377 lavaclum
736 1323 864 1396 pretium
878 1322 998 1394 cruoris,

370 1402 452 1458 Hinc
467 1403 513 1458 tui
527 1402 640 1458 curatio
654 1403 782 1477 profluat
795 1403 952 1479 languoris

330 1483 512 1558 Redemptor
525 1483 665 1552 fidelium,
682 1484 727 1539 Tu
742 1484 795 1559 qui
808 1485 849 1540 sie
865 1485 962 1554 obisti,

370 1564 429 1620 Per
442 1584 575 1620 cruorem
588 1563 747 1620 vulnerum
761 1565 797 1621 de
811 1565 852 1621 Te
867 1584 955 1640 quem
968 1565 1081 1637 fudisti,

371 1645 420 1700 Ne
434 1645 583 1719 relinquas
597 1645 744 1720 orphanos
758 1665 830 1720 quos
844 1647 886 1701 sio
900 1646 1068 1717 redemisti;

370 1725 462 1783 Mitto
476 1727 560 1781 nobis
575 1726 720 1800 Spiritum
733 1728 794 1783 tuis
808 1747 895 1802 quem
910 1727 1024 1785 dedisti

331 1807 439 1864 Sumus
453 1807 573 1881 quidem
589 1808 687 1862 miseri
701 1809 744 1864 rei
758 1814 931 1883 peccatores,

371 1888 412 1943 Et
426 1889 589 1944 multorum
603 1888 761 1944 criminum
775 1889 876 1964 magni
889 1889 1052 1959 debitores3

373 1969 431 2024 Sed
445 1969 505 2025 sint
519 1975 572 2024 tua
585 1968 709 2025 vulnera
724 1971 827 2044 tuique
840 1970 949 2026 livores

372 2051 431 2106 Pro
444 2051 529 2106 nobis
544 2056 574 2106 et
588 2050 685 2106 hostie
699 2070 731 2106 ac
746 2052 959 2107 intercessores

331 2131 398 2188 Rex
413 2138 521 2187 {eterne
535 2151 553 2186 a
566 2131 705 2205 gehennae
720 2132 803 2188 salva
816 2133 967 2207 supplicio

373 2212 453 2281 Quos
467 2218 585 2287 peccato
599 2213 689 2268 solvis
704 2213 773 2269 dato
787 2219 846 2269 tuae
860 2213 965 2270 mortis
978 2213 1083 2288 pretio,

331 2294 353 2350 J
355 2313 405 2349 esu
420 2295 504 2364 bone,
520 2293 560 2348 sic
575 2293 696 2367 dispone
711 2293 814 2349 horam
828 2295 924 2350 nostri
936 2295 1089 2360 transitus,

373 2374 420 2431 Ut
433 2374 471 2430 ad
485 2375 608 2429 chorum
621 2375 807 2449 Angelorum
820 2380 921 2432 noster
934 2380 1038 2451 pergat
1051 2374 1181 2450 spiritus.
1223 2375 1324 2433 Amen.

190 2481 356 2540 Secundum
370 2481 537 2538 soliassum
560 2479 627 2559 (nix.
646 2481 760 2558 28-35).

192 2565 231 2621 In
245 2562 296 2619 illo
310 2570 450 2638 tempore,
467 2561 566 2620 Sciens
580 2562 602 2620 J
604 2582 668 2618 esus
688 2563 757 2637 quia
773 2563 837 2636 jam
858 2563 959 2618 omnia
979 2567 1182 2620 consummata
1198 2571 1283 2621 erant
1295 2561 1328 2620 de

130 2648 193 2722 ipso
207 2664 297 2719 usque
311 2645 355 2700 od.
365 2650 395 2700 et
409 2663 513 2700 verum
527 2650 571 2700 est
585 2643 789 2700 testimonium
803 2644 873 2718 ejus

193 2725 295 2782 Credo.

194 2806 386 2880 Offertmu'nm.
1092 2874 1097 2884 .

193 2889 425 2943 lusurroxerunt
442 2886 475 2940 in
489 2905 536 2940 me
550 2885 608 2941 viri
622 2885 735 2959 iniqui:
757 2891 787 2941 et
801 2886 911 2960 absque
931 2885 1131 2943 misericordia
1151 2886 1329 2962 quaesierunt

131 2990 178 3026 mc
193 2969 373 3025 interficere:
393 2975 422 3022 et
436 2986 497 3021 non
512 2974 704 3041 pepercerunt
717 2967 750 3021 in
764 2965 868 3022 faciem
878 2986 972 3023 meam
986 2986 1099 3043 spuere,
1110 2973 1142 3024 et
1151 2966 1260 3024 lanceis
1273 2967 1329 3024 suis

131 3050 363 3107 vulneraverunt
377 3068 431 3118 me,
449 3053 478 3103 et
493 3066 632 3103 concussa
646 3054 716 3102 sunt
730 3047 830 3103 omnia
843 3066 908 3104 ossa
921 3067 993 3104 mea.

193 3131 312 3187 Secreto.

191 3213 320 3268 Domine
334 3211 355 3268 J
357 3230 408 3266 esu
423 3209 549 3278 Christe,
564 3209 615 3283 qui
629 3228 683 3284 pro
699 3208 805 3264 mnndi
825 3208 1028 3284 redemptione
1048 3209 1142 3267 crucis
1161 3208 1278 3286 lignum
1291 3230 1331 3268 as-

132 3293 265 3363 condisti,
280 3298 315 3347 ut
328 3293 483 3347 universus
497 3290 633 3359 mundus,
648 3289 746 3364 quiin
760 3290 889 3346 tenebris
904 3295 975 3359 erat,
990 3289 1228 3363 illuminaretur;
1242 3292 1329 3363 illam,

132 3392 308 3450 quaesumus
331 3373 426 3428 lucem
440 3373 472 3426 in
486 3371 598 3426 animas
617 3380 732 3426 nostras
751 3376 781 3427 et
802 3389 923 3446 corpora
943 3378 1044 3428 nostre
1065 3390 1180 3447 semper
1200 3373 1330 3442 infunde,

131 3474 287 3532 perquam
301 3453 338 3508 ad
352 3459 493 3508 aeternam
507 3452 602 3507 lucem
616 3452 768 3527 pervenire
781 3471 953 3508 mereamur.
990 3451 1050 3509 Per
1063 3452 1236 3511 Dominum.
1275 3453 1332 3523 Qui

132 3535 209 3593 vivis
224 3542 254 3592 et
267 3553 371 3609 regnas
385 3553 449 3589 cum
466 3532 538 3588 Deo.

192 3615 342 3690 [trifolio.
387 3612 593 3683 Qnisalutem.

194 3696 374 3755 Communis.
1330 3708 1337 3731 ⁴

193 3779 345 3835 Foderunt
360 3795 465 3832 manus
478 3795 558 3832 meas
572 3781 602 3832 et
615 3775 702 3851 pedes
716 3794 812 3832 meos:
835 3782 864 3832 et
878 3775 1142 3833 dinumeraverunt
1155 3777 1258 3835 omnia
1272 3796 1334 3835 ossa

77 3931 79 3934 Α
131 3881 203 3919 mea.

193 3938 433 3998 I’ostcornmum'o.

194 4022 321 4078 Domine
335 4021 409 4077 Jesu
429 4019 555 4090 Christe,
575 4019 627 4094 qui
646 4017 720 4076 hora
739 4019 799 4075 diei
819 4023 904 4075 sexta
927 4037 981 4095 pro
1004 4018 1207 4094 redemptione
1232 4019 1336 4076 mundi

131 4106 225 4162 erneis
239 4101 406 4177 patibulum
421 4100 585 4166 ascendisti,
596 4107 626 4156 et
634 4100 807 4174 sanguinem
818 4106 905 4155 tuum
915 4100 1076 4175 pretiosum
1086 4101 1119 4155 in
1132 4100 1336 4158 remissionem

131 4191 317 4261 peccatorum
344 4188 513 4238 nostrorum
540 4181 661 4252 fudisti3
692 4188 722 4237 te
746 4181 901 4237 humiliter
925 4181 1123 4256 deprecamur,
1146 4186 1182 4237 ut
1203 4202 1257 4258 per
1276 4187 1335 4239 tuse

131 4266 274 4343 passionis
299 4272 329 4320 et
353 4263 511 4319 vulnerum
535 4268 655 4318 tuorum
680 4262 794 4332 merita,
820 4268 887 4337 post
910 4262 1024 4319 obitum
1047 4259 1185 4319 nostrum
1208 4261 1337 4339 paradisi

127 4349 251 4423 januam
269 4345 432 4421 gaudenter
452 4343 575 4399 introire
597 4363 769 4399 mereamur.
814 4342 874 4411 Qui
895 4343 970 4400 vivis
994 4348 1025 4400 et
1045 4362 1150 4420 regnas
1171 4363 1242 4402 cum
1261 4344 1334 4402 Deo.

132 4428 172 4486 In
186 4427 308 4483 unitate.
392 4474 394 4479 .

617 4503 630 4528 *
646 4501 833 4546 nul-fluore.
