2926 4996
190 363 232 422 32
573 355 622 420 In
636 353 845 440 Epiphaniae
859 351 1011 418 Domini.
1064 417 1068 426 ,

251 527 345 584 Lectio
360 525 458 582 Esaiae
471 523 620 599 Proplntoe
634 522 688 599 (loe.
711 522 787 599 1-6)

250 607 351 683 Surge,
366 605 542 675 illuminare,
559 604 748 661 Hierusalem
767 623 857 678 usque
879 606 920 662 ari
943 603 1013 660 thus
1033 600 1204 670 deferentes,
1226 605 1258 657 et
1278 600 1393 657 laudem

191 686 321 744 Domino
335 686 553 744 annuntiantes.

253 767 387 826 Gradaie.

250 850 360 908 Omnes
374 849 409 905 de
424 847 501 905 Saba
511 847 639 919 venient,
652 867 758 904 aurum
771 849 802 905 et
815 849 886 906 thus
900 848 1073 917 deserentes,
1088 843 1251 903 etlaudem
1265 843 1394 902 Domino

190 931 408 1004 annuntiantes.
1159 972 1161 975 .

198 1014 222 1070 ls.
261 1011 353 1087 Surge
364 1017 394 1068 et
407 1009 584 1079 illuminare,
596 1008 793 1082 Hierusalem,
805 1011 875 1087 quia
884 1009 978 1087 gloria
988 1007 1111 1066 Domini
1121 1025 1209 1082 super
1219 1013 1251 1064 te
1265 1012 1333 1064 orta
1341 1012 1392 1062 est.

248 1091 394 1165 Alleluya.
433 1090 462 1147 V.
496 1089 637 1145 Vidimus
650 1090 765 1147 stellam
782 1092 845 1167 ejus
864 1092 898 1147 in
914 1091 1037 1161 oriente,
1051 1094 1082 1145 et
1097 1088 1232 1144 venimus
1246 1107 1314 1144 cum
1332 1106 1394 1143 mu-

190 1173 310 1230 neribus
324 1173 445 1229 adorare
465 1170 636 1228 Dominum.

250 1269 413 1345 Sequentia.

310 1360 509 1438 Epiphaniam
523 1360 652 1418 Domino
666 1381 803 1420 canamus
816 1361 980 1440 gloriosam,

312 1443 378 1512 Qua
392 1441 504 1517 prolem
518 1440 576 1498 Dei
591 1441 674 1517 Magi
688 1443 821 1515 adorant,

311 1524 491 1580 Immensam
507 1521 637 1579 Ohaldaei
651 1524 734 1599 cujus
748 1543 800 1599 per
813 1525 897 1581 saeola
910 1529 1091 1597 venerantur
1103 1521 1268 1598 potentiam
1282 1543 1288 1578 :

241 1677 244 1682 ³
311 1605 407 1674 Quem
421 1603 521 1660 cuncti
542 1602 690 1678 prophetae
705 1604 834 1662 cecinere
848 1612 1010 1663 venturum
1024 1604 1061 1660 ad
1079 1609 1180 1679 gentes
1193 1603 1358 1672 salvandae,

312 1685 405 1760 Cujus
419 1684 555 1758 majestas
569 1684 612 1740 ita
625 1690 669 1740 est
682 1685 833 1757 inclinata,
848 1691 883 1742 ut
897 1690 1057 1742 assumeret
1071 1683 1149 1741 servi
1162 1683 1289 1744 formam
1301 1704 1308 1738 :

311 1765 395 1823 Ante
409 1763 515 1821 saecula
528 1765 580 1840 qui
595 1765 676 1821 Deus
690 1772 720 1822 et
734 1771 866 1843 tempora
880 1766 982 1823 Homo
996 1767 1091 1823 factus
1105 1770 1150 1822 est
1163 1765 1195 1821 in
1213 1764 1320 1822 Maria.

250 1876 382 1936 Secundo
396 1875 450 1932 die.

310 1969 433 2026 Balaam
447 1968 483 2024 de
496 1986 555 2043 quo
570 1967 741 2040 vaticinans,
752 1969 859 2026 Exibit
873 1988 910 2026 ex
921 1969 1016 2027 Jacob
1029 1968 1165 2040 rutilans,
1177 1967 1287 2044 inquit,
1300 1968 1393 2039 stella,

310 2051 352 2106 Et
366 2049 531 2124 confringet
545 2048 653 2105 ducum
667 2050 785 2124 agmina
798 2051 926 2127 regionis
941 2050 1032 2108 Moab
1046 2049 1177 2106 maxima
1189 2049 1345 2124 potentia..

313 2131 395 2187 Huic
424 2130 502 2205 magi
529 2149 652 2187 munera
684 2130 820 2188 deferunt
847 2131 994 2207 praeclara,
1015 2150 1121 2188 aurum
1144 2129 1241 2202 simul,
1263 2129 1343 2203 thus,
1366 2137 1396 2187 et

393 2211 551 2285 myrrham.

311 2292 411 2349 Thure
425 2292 523 2349 Deum
538 2292 706 2368 praedicant,
718 2313 790 2351 auro
804 2312 902 2371 regem
916 2312 1064 2370 magnum,
1075 2291 1227 2350 hominem
1240 2291 1397 2349 mortalem

393 2373 521 2448 myrrha.

310 2455 351 2510 Iu
371 2455 480 2510 somnis
501 2453 554 2510 hos
574 2460 676 2511 monet
696 2454 825 2530 angelus,
840 2474 878 2512 ne
896 2456 1018 2514 redeant
1039 2454 1076 2511 ad
1096 2473 1196 2530 regem
1212 2459 1396 2511 commotum

391 2540 513 2610 propter
526 2555 623 2610 regna.

311 2616 444 2672 Pavebat
458 2615 570 2671 etenim
579 2616 707 2672 nimium
720 2636 818 2693 regem
832 2622 947 2690 natum,
956 2637 1060 2676 verens
1073 2617 1210 2674 amittere
1221 2616 1306 2692 regni
1315 2616 1398 2692 jura.

254 2725 350 2784 Tertio
364 2726 417 2782 dre.

312 2818 397 2894 Magi
416 2817 474 2874 sibi
494 2817 578 2874 stella
594 2817 723 2876 micante
743 2821 853 2896 praevia
869 2827 996 2897 pergunt
1016 2820 1124 2878 alacres
1144 2819 1253 2878 itinera
1268 2821 1399 2898 patriam

394 2919 458 2974 quae
468 2918 516 2955 eos
527 2899 673 2956 ducebant
683 2901 720 2957 ad
731 2902 878 2978 propriam
890 2923 899 2975 3
918 2903 1085 2978 linquentes
1095 2900 1226 2958 Herodis
1236 2902 1386 2959 mandata.

314 2980 375 3048 Qui
394 2999 546 3056 percussus
564 2981 650 3037 corde
670 2982 763 3039 nimia
783 3003 842 3058 prae
863 2984 908 3040 ira
926 2983 1075 3058 extemplo
1093 2982 1215 3039 mandat
1235 2981 1400 3040 infantium

394 3060 512 3136 agmina
519 3061 631 3136 inquiri
640 3062 816 3120 Bethlehem
825 3085 877 3140 per
885 3064 1019 3135 confinia,
1025 3069 1055 3120 et
1064 3083 1134 3120 mox
1143 3063 1256 3139 privari
1264 3083 1312 3121 eos
1322 3064 1397 3121 vita.

314 3141 418 3198 Omnis
432 3161 511 3198 nunc
525 3151 642 3199 caterva
656 3143 807 3201 tinnulum
817 3147 926 3221 jungat
940 3145 1076 3201 laudibus
1091 3143 1192 3220 organi
1205 3163 1343 3220 pneuma,

314 3222 442 3298 Mystico
457 3223 579 3290 offerens
593 3224 669 3300 Regi
683 3244 785 3301 regum
800 3226 919 3284 Christo
932 3246 1055 3283 munera
1068 3225 1206 3301 preciosa,

314 3304 440 3361 Poscens
454 3310 489 3361 ut
502 3324 555 3380 per
568 3305 667 3362 orbem
681 3325 772 3383 regna
785 3307 883 3364 omnia
896 3313 1031 3384 protegat
1044 3307 1077 3362 in
1090 3305 1196 3363 seacula
1209 3306 1399 3384 sempiterna.

253 3425 294 3483 In
308 3424 491 3501 Depositione
508 3426 602 3482 saneti
614 3425 760 3484 Edwardi
773 3427 848 3502 reqis
861 3437 886 3486 et
901 3426 1086 3502 confessoris:
1105 3425 1270 3502 Sequentia,
1287 3427 1401 3505 Organ-

192 3507 253 3564 icis.
306 3506 347 3564 In
363 3506 566 3563 Translatione
579 3508 674 3564 saeoeti
693 3507 826 3566 Willelnei
845 3509 1054 3567 Ehoeaeensis:
1081 3507 1245 3583 Sequentia,
1269 3508 1401 3567 Plaudet

195 3589 309 3646 Chorus
320 3608 328 3660 3
362 3587 474 3662 require
500 3589 623 3645 seeundo
649 3588 695 3645 die
717 3587 801 3665 infin
817 3589 939 3647 Oetaeas
957 3589 991 3646 in
1015 3589 1073 3647 atio
1095 3589 1186 3647 Festo.
1238 3589 1400 3648 Doneinioa

189 3669 292 3744 prima
307 3678 374 3744 post
398 3666 518 3725 Oetaeae
534 3668 711 3744 Epiphaniae
722 3694 732 3728 .·
765 3669 928 3745 Sequentia,
945 3670 1067 3729 Oaeleste
1084 3689 1235 3746 organum,
1250 3678 1285 3727 ut
1304 3689 1401 3746 supra

194 3759 268 3806 sento
299 3751 345 3807 die
371 3769 390 3806 a
412 3749 573 3806 Natiuitate
595 3750 725 3807 Domini.
788 3751 946 3809 Doncinica
973 3751 1004 3809 ii.
1033 3751 1077 3809 iii.
1102 3761 1128 3809 et
1151 3751 1201 3809 io:
1241 3748 1401 3826 Sequentia

194 3831 405 3902 Laetabundus,
418 3841 451 3888 ut
464 3850 555 3906 snpra
568 3831 602 3888 in
616 3831 663 3888 die
672 3830 846 3889 Natiuitatis
856 3832 986 3891 Domini.
1029 3831 1051 3888 I
1050 3853 1071 3890 n
1081 3831 1246 3890 Doeniniaie
1258 3852 1323 3889 uero
1332 3841 1404 3908 poet

196 3911 434 3985 Purafleatiouem
448 3932 536 3986 usque
547 3913 586 3968 od
599 3911 855 3988 Septuaqesineane,
870 3922 895 3971 et
910 3913 1067 3972 Donciniea
1080 3913 1185 3988 quinta
1193 3921 1260 3987 poet
1275 3912 1402 3970 Oetaeas

194 3991 379 4066 Epiphaniae,
394 3993 504 4049 elicitur
517 3992 681 4067 Sequentia,
698 3994 780 4050 Voce
793 3994 815 4052 J
817 3995 964 4051 ubilantes
977 4013 1101 4069 magna;
1125 3993 1237 4068 require
1250 3993 1285 4050 in
1298 3993 1401 4051 Domi-

195 4073 271 4129 nicis
277 4081 470 4147 peraestatenc.
494 4073 687 4132 hDonciniea
694 4073 916 4150 Septuaqeaineae
923 4076 1061 4149 nequead
1070 4075 1186 4132 Pascha
1193 4073 1280 4131 nulia
1287 4073 1403 4132 dicitur

195 4153 357 4227 Sequentia,
373 4152 431 4210 aioe
437 4157 495 4227 fiat
509 4153 667 4213 Servitium
680 4156 714 4213 cle
730 4156 903 4232 Temporafi,
918 4155 976 4214 sioe
990 4157 1024 4212 de
1037 4154 1133 4213 Fastis
1145 4154 1328 4213 Sanctorum.

256 4249 424 4308 Secundum
437 4250 609 4309 Mattianum
623 4253 671 4330 (ii.
698 4254 790 4331 1-12)

156 4370 159 4375 ·
256 4331 333 4388 Oum
346 4337 434 4387 natus
448 4338 522 4388 esset
535 4331 557 4389 J
559 4352 623 4390 esus
638 4335 670 4390 in
685 4335 859 4394 Bethlehem
878 4335 900 4395 J
901 4335 966 4393 udae
984 4354 1074 4411 acque
1088 4335 1129 4393 ad
1147 4333 1304 4413 paraliam
1318 4333 1399 4392 viem

196 4413 305 4472 reversi
319 4418 390 4470 sunt
404 4413 437 4469 in
451 4413 598 4488 regionem
611 4436 701 4474 suam.

257 4493 357 4552 Credo.
