2926 4996
323 353 418 419 Dour.
441 353 503 419 111.
523 362 599 440 post
623 355 759 422 Oetaeos
780 355 987 422 Pentecostes.
1196 356 1259 420 233

118 519 311 596 offirmtum.

115 602 263 659 Exaltabo
276 607 316 673 te,
332 602 469 673 Domine,
484 603 625 677 quoniam
639 602 795 679 suscepisti
807 623 873 661 me:
893 623 947 661 neo
961 603 1115 662 delectasti
1128 602 1263 660 inimicos

55 702 133 741 meos
147 703 236 759 super
249 702 296 740 me
306 703 316 756 3
336 682 474 754 Domine,
489 684 615 741 clamavi
628 685 667 741 ad
680 690 719 757 te,
735 691 766 743 et
779 685 890 742 sanasti
903 704 957 744 me.

115 764 236 823 Secreto.

115 845 193 915 Tibi,
208 844 346 917 Domine,
361 845 503 903 sacrificia
523 846 621 903 dicata
642 847 823 904 reddantur·
814 866 909 923 ,quae
930 846 972 904 sic
992 846 1029 904 ad
1048 846 1191 903 honorem
1211 865 1262 903 no-

59 926 145 983 minis
161 927 209 983 tui
230 890 387 984 defererida
406 926 549 998 tribuisti,
564 934 600 985 ut
620 928 722 985 eadem
743 928 872 985 remedia
892 928 957 1020 fieri
976 934 1079 985 nostra
1099 932 1328 1002 praestares.

61 1005 116 1066 Per
129 1007 300 1064 Dominum.

119 1087 298 1148 Communia

117 1169 243 1227 Honora
257 1169 421 1226 Dominum
435 1170 472 1227 de
490 1176 543 1227 tua
563 1170 730 1227 substantia
743 1177 774 1227 et
787 1170 823 1228 de
836 1170 977 1246 primitiis
993 1169 1114 1247 frugum
1134 1175 1263 1242 tuarum,

63 1255 93 1308 ut
106 1250 289 1327 impleantur
301 1250 408 1308 horrea
420 1257 474 1309 tua
487 1252 663 1310 saturitate:
684 1257 715 1309 et
728 1252 799 1310 vino
813 1251 972 1310 torcularia
984 1251 1201 1332 redundabunt.

118 1332 361 1390 Postcomotuaio.

120 1412 304 1485 Quaesumus,
316 1413 445 1470 Domine
456 1413 538 1470 Deus
552 1420 661 1485 noster,
672 1419 707 1469 ut
721 1433 794 1490 quos
808 1413 919 1471 divinis
933 1433 1068 1490 reparare
1081 1433 1142 1470 non
1155 1412 1266 1470 desinis

62 1495 259 1568 sacramentis,
275 1493 336 1551 tuis
350 1514 411 1552 non
425 1494 569 1552 destituas
584 1494 728 1570 benignus
741 1495 870 1553 auxiliis.
914 1495 972 1553 Per
985 1495 1158 1552 Dominum.

537 1650 642 1711 Fama
652 1651 790 1720 Quaere.

117 1781 216 1840 Lectio
230 1779 370 1856 Epistola
384 1782 460 1840 beati
472 1779 577 1840 Jacott
590 1781 723 1856 Apostoli
736 1781 790 1858 (iv.
808 1780 825 1839 7
827 1782 877 1838 -12
879 1782 904 1859 )

120 1862 290 1922 Carissimi:
326 1863 446 1920 Subditi
479 1868 572 1920 estote
600 1863 664 1920 Deo
694 1877 784 1938 usqae
811 1865 852 1919 od
882 1863 935 1939 qui
965 1870 1064 1940 potest
1097 1863 1211 1922 salvare
1238 1866 1269 1918 et

53 1944 290 2083 Perdgeblimlam
303 2025 416 2082 Lucem
428 2025 529 2100 (111111.
547 2025 624 2101 1-8).
730 2004 734 2011 .

121 2105 162 2162 In
189 2105 241 2163 illo
268 2111 409 2181 tempore,
438 2104 565 2164 Dicebat
592 2107 680 2164 Jesus
708 2105 861 2183 discipulis
877 2156 879 2160 .
894 2105 956 2163 suis
982 2105 1152 2182 parabolam
1179 2105 1265 2178 hano,

51 2186 203 2326 {plrlrppuipnm
230 2193 348 2262 oportet
375 2205 489 2262 semper
516 2207 599 2244 orare
626 2207 718 2262 usquc
745 2189 788 2246 act
813 2187 883 2264 quia
910 2187 970 2245 cito
997 2187 1087 2245 faciet
1107 2187 1279 2245 vindictam

555 2373 656 2432 Funis
671 2374 781 2431 SuxrA.

124 2496 177 2553 Ad
191 2494 361 2554 Corinthios
374 2494 409 2571 (l
432 2497 468 2552 oi.
489 2495 605 2572 15-20).

122 2577 244 2634 Fratres
256 2598 262 2634 :
284 2576 424 2647 Nescitis,
436 2577 576 2653 quoniam
590 2596 712 2654 corpora
722 2583 821 2635 vestra
833 2578 965 2634 membra
975 2582 1047 2636 sunt
1057 2575 1170 2634 Christi
1181 2595 1272 2650 usque

58 2661 102 2717 ad
117 2658 150 2715 in
164 2677 285 2734 corpore
299 2665 406 2716 vestre.

124 2739 295 2798 Secundum
308 2740 421 2797 Lucam
434 2739 503 2815 (att.
520 2740 636 2817 48-53).

125 2820 165 2877 In
178 2820 230 2879 illo
243 2827 385 2897 tempore,
397 2820 487 2878 Dixit
495 2822 517 2879 J
519 2841 584 2878 esus
595 2821 747 2898 discipulis
757 2820 832 2880 suis:
847 2820 948 2893 Omni,
963 2819 1012 2878 cui
1025 2819 1154 2877 multum
1168 2820 1273 2877 datum

63 2909 108 2960 est
123 2922 213 2978 usque
228 2904 269 2960 od
282 2922 376 2960 nurus
389 2903 421 2959 in
435 2922 551 2960 socrum
566 2923 657 2960 suam.

235 3075 397 3134 Donnum
418 3076 610 3134 Duouucum
631 3092 703 3133 rosr
724 3076 868 3135 Ocrnrns
889 3075 1110 3134 Purruoosrus.

129 3182 272 3257 Officium.

126 3263 248 3335 Deus,
240 3284 272 3319 111
293 3263 341 3338 adj
345 3263 476 3321 utorium
496 3282 596 3320 meum
616 3263 756 3320 intende.
785 3263 922 3335 Domine,
944 3262 981 3319 ad
1003 3262 1206 3337 adjuvandum
1227 3281 1275 3319 me

66 3345 191 3402 festina:
210 3285 434 3402 confundantur
453 3351 484 3401 et
504 3345 720 3402 revereantur
712 3344 827 3401 inimici
843 3345 910 3417 mei,
927 3344 979 3420 qui
993 3335 1131 3420 quaerunt
1144 3343 1276 3401 animam

69 3446 172 3484 meam.

125 3506 274 3564 Prolatus.

128 3588 317 3645 Avertantur
330 3594 501 3660 retrorsum,
517 3597 548 3645 et
562 3588 753 3647 erubescant:
776 3608 828 3664 qur
819 3588 949 3645 volunt
962 3587 1038 3692 mihi
1051 3586 1135 3645 mala

131 3669 241 3726 Oratio.

129 3750 326 3826 Omnipotens
346 3750 523 3826 sempiterne
537 3751 619 3808 Deus
622 3751 697 3827 ,qui
717 3750 901 3808 abundantia
917 3750 1038 3826 pietatis
1051 3756 1110 3806 tuae
1125 3757 1156 3806 et
1170 3749 1277 3807 merita

70 3831 235 3907 supplicum
256 3831 372 3888 excedis
392 3839 423 3888 et
443 3837 531 3904 vota;
551 3796 670 3889 effuride
691 3852 853 3909 supernos
873 3831 1103 3888 misericordiam
1127 3838 1219 3902 tuam,
1242 3847 1277 3888 ut

70 3913 204 3969 dimittas
225 3932 290 3988 (lure
311 3912 490 3970 conscientia
510 3914 627 3986 metuit,
643 3921 674 3970 et
693 3914 814 3990 adjicias
835 3914 913 3989 quod
930 3912 1024 3969 oratio
1039 3931 1099 3969 non
1113 3914 1275 3988 praesumit.

70 3993 129 4051 Per
143 3994 316 4050 Dominum.
1236 4020 1237 4023 ¹

130 4073 182 4130 Ad
197 4072 333 4132 Corintl'
291 4075 450 4142 tlttos(2
437 4076 481 4133 att.
499 4077 549 4133 49
553 4076 577 4152 )

131 4155 268 4213 Fratres:
290 4156 444 4214 Fiduciam
464 4157 556 4214 talem
575 4156 719 4214 habemus
732 4177 784 4233 per
800 4157 953 4215 (lhristum
966 4156 1004 4214 ad
1018 4156 1118 4214 Deum
1131 4175 1223 4232 usque
1238 4155 1278 4215 ad

72 4225 166 4294 multo
180 4237 274 4313 magis
287 4237 420 4295 abundat
434 4238 633 4296 ministerium
643 4239 770 4314 justitiae
785 4238 849 4294 ino
830 4238 932 4314 gloria.

135 4317 269 4376 Gradale.

132 4399 310 4458 Benedicam
321 4400 509 4457 Dominum
499 4420 533 4457 1n
546 4401 628 4459 omni
641 4407 791 4478 tempore:
810 4420 924 4476 semper
937 4399 1040 4457 laus
1015 4419 1079 4477 eJus
1093 4400 1125 4458 in
1139 4420 1189 4458 ore
1203 4420 1276 4459 meo·

78 4480 107 4539 V.
133 4480 174 4536 In
188 4481 317 4539 Domino
331 4482 503 4540 laudabitur
515 4483 616 4540 anima
628 4502 711 4542 mea:
732 4483 857 4540 audiant
870 4482 1027 4554 mansneti,
1042 4489 1073 4540 et
1087 4482 1234 4541 laetentur.
