2926 4996
544 366 647 433 Foruli
661 389 688 433 o.
699 374 776 453 post
792 367 932 434 diriores.
954 395 957 409 ²
1294 375 1335 437 49

194 533 292 611 Super
304 536 461 612 Populum.

193 615 379 674 Inclinantes
399 635 439 687 se,
462 615 599 689 Domine,
621 616 770 692 majestati
790 621 850 674 tuae
871 615 1049 693 propitiatus
1070 617 1209 676 intende:
1232 623 1268 677 ut
1289 620 1341 696 qui

130 697 371 838 ddffiffineoe
384 703 455 755 sunt
473 697 582 769 refecti,
598 697 762 755 caelestibus
782 717 896 773 semper
916 698 1089 756 nutriantur
1109 699 1237 757 auxiliis.
1281 700 1340 758 Per

255 943 259 952 -
609 909 709 967 Fumi
730 910 862 979 Qurura

197 991 338 1067 Officium.

195 1073 278 1130 Dum
301 1073 458 1130 clamarem
480 1070 518 1128 ad
538 1071 711 1144 Dominum,
733 1071 887 1128 exaudivit
909 1091 1011 1129 vocem
1034 1092 1131 1130 meum
1154 1073 1193 1130 ab
1215 1073 1262 1132 his
1285 1077 1339 1152 qui

132 1153 373 1231 appropinquant
393 1152 485 1211 mihi:
506 1157 536 1209 et
558 1151 729 1209 humiliavit
750 1172 799 1210 eos
819 1153 871 1228 qui
888 1161 932 1211 est
945 1158 1014 1210 ante
1028 1153 1134 1210 saecula
1147 1160 1178 1211 91
1190 1162 1291 1214 manet
1304 1158 1337 1215 in

132 1241 277 1292 aeternum
291 1256 297 1291 :
314 1235 395 1310 jacta
408 1233 570 1312 cogitatum
584 1239 670 1291 tuum
684 1234 717 1289 in
731 1233 880 1291 Domino:
902 1241 932 1291 et
946 1234 1009 1309 ipse
1022 1239 1054 1292 te
1067 1235 1220 1293 enutriet·

194 1315 341 1373 Paulinus.

195 1397 322 1468 Exaudi,
348 1395 440 1465 Deus,
464 1396 628 1453 orationem
654 1414 759 1466 meam,
785 1401 816 1453 et
842 1415 881 1453 ne
908 1395 1074 1472 despexeris
1102 1396 1337 1475 deprecationem

132 1495 248 1534 meam:
268 1477 391 1534 intende
405 1476 488 1549 mihi,
504 1484 534 1534 et
548 1476 656 1534 exaudi
670 1496 725 1533 me.

196 1557 305 1617 Oratio.

194 1639 286 1711 Deus,
308 1639 361 1715 qui
382 1637 469 1714 culpa
489 1637 653 1710 offenderis,
678 1637 852 1713 paenitentia
875 1636 1015 1713 placaris:
1041 1659 1141 1716 preces
1164 1642 1268 1718 populi
1290 1643 1337 1700 tui

130 1720 327 1796 supplicantis
341 1719 485 1795 propitius
505 1720 623 1795 respice,
638 1725 668 1776 et
682 1718 797 1794 flagella
810 1724 869 1775 tuae
883 1720 1051 1792 iracundiae,
1065 1741 1131 1797 quae
1144 1724 1337 1800 propeccatis

131 1801 243 1858 nostris
256 1820 410 1873 meremur,
426 1806 533 1858 averte.
577 1799 635 1863 Per
649 1799 820 1856 Dominum.

192 1882 289 1940 Lectio
302 1882 400 1939 Esoioe
414 1881 563 1956 Propheta
583 1880 719 1958 (1111111111.
737 1880 783 1937 1-6
785 1880 803 1957 )

193 1963 234 2020 In
247 1962 356 2020 ‘diebus
376 1963 443 2033 illis,
458 1962 631 2038 AEgrotavit
645 1960 784 2018 Ezechias
804 1980 895 2037 usque
909 1962 947 2019 ad
960 1967 1085 2020 mortem
1098 1983 1189 2039 usquo
1203 1966 1244 2023 od
1257 1966 1339 2024 etde

131 2063 224 2101 manu
239 2043 315 2120 regis
329 2043 520 2119 Assyriorum
541 2062 643 2100 eruam
663 2048 693 2100 te
713 2047 744 2099 et
764 2042 916 2100 civitatem
936 2043 1033 2116 istam,
1048 2050 1079 2101 et
1092 2052 1243 2123 protegam
1262 2066 1335 2120 eam,

132 2124 207 2182 dicit
221 2125 369 2182 Dominus
384 2124 576 2200 omnipotens.

197 2205 332 2263 Grodole.

194 2287 216 2344 J
216 2294 284 2344 acta
297 2286 460 2363 cogitatum
473 2291 557 2342 tuum
573 2285 606 2342 in
620 2284 750 2342 Domino
764 2304 771 2341 :
794 2284 900 2361 etipse
913 2290 944 2343 te
958 2286 1095 2345 enutriet.

137 2368 167 2426 V.
192 2367 274 2425 Dum
296 2368 453 2424 clamarem
472 2366 510 2424 ad
530 2366 693 2424 Dominum
703 2386 714 2440 ;
738 2366 893 2424 exaudivit
912 2385 1015 2424 vocem
1038 2387 1135 2425 meam
1158 2370 1196 2427 ab
1220 2369 1267 2428 his
1287 2372 1339 2448 qui

130 2450 373 2526 appropinquant
386 2448 468 2505 mihi.

194 2528 362 2587 Secundum
375 2528 550 2586 Mattleaeum
571 2527 648 2605 (otti.
666 2528 761 2603 5-13).

194 2611 234 2668 In
254 2611 306 2667 illo
327 2616 467 2686 tempore,
482 2609 559 2667 Oum
579 2609 730 2666 introisset
743 2609 765 2667 J
767 2628 833 2666 esus
848 2608 1066 2685 capharnaum,
1081 2611 1201 2670 accessit
1219 2613 1256 2670 ad
1271 2633 1338 2671 eum

131 2692 373 2766 centurionesque
387 2692 427 2748 od
441 2691 482 2747 Et
496 2695 615 2748 sanetus
629 2696 674 2748 est
689 2710 763 2766 puer
776 2691 809 2746 in
821 2690 874 2748 illa
888 2690 968 2748 hora.

196 2772 388 2847 Offertorium.

193 2855 246 2911 Ad
266 2859 307 2925 te,
330 2852 466 2924 Domine,
486 2851 584 2910 levavi
604 2851 734 2910 animam
753 2871 869 2910 meam:
893 2852 976 2910 Deus
996 2872 1088 2924 meus,
1108 2855 1140 2911 in
1161 2860 1193 2913 te
1212 2857 1335 2929 confido,

129 2955 194 2993 non
208 2936 396 3007 erubescam3
416 2954 511 3010 neque
530 2933 674 2991 irrideant
687 2954 734 2990 1119
747 2933 862 2990 inimici
875 2934 953 3008 mei;
973 2935 1083 2991 etenim
1097 2935 1229 2994 universi
1241 2939 1294 3014 qui
1307 2944 1338 2995 19

129 3022 294 3094 expectant
310 3035 370 3073 non
384 3015 609 3073 confundentur.

195 3097 317 3156 Secreta.
822 3149 825 3153 .

195 3179 352 3237 Sacrificiis
371 3177 573 3255 praesentibus,
588 3177 726 3248 Domine,
744 3195 920 3252 quaesumus,
940 3176 1062 3235 intende
1082 3177 1213 3254 placatus
1222 3198 1232 3251 5
1251 3185 1288 3236 ut
1307 3186 1338 3238 et

129 3260 286 3319 devotioni
299 3265 406 3318 nostrae
420 3258 575 3334 proficiant
589 3263 619 3315 et
632 3258 730 3315 saluti.
773 3257 832 3314 Per
845 3258 1016 3316 Dominum.

196 3341 380 3400 Cornmuolo.

194 3423 373 3499 Acceptabis
387 3420 560 3481 sacrificium
569 3419 704 3497 justitiae,
719 3419 880 3478 oblationes
894 3425 924 3478 et
937 3419 1124 3479 holocausta:
1145 3439 1232 3496 super
1245 3419 1337 3479 altare

131 3511 230 3574 tuum,
247 3503 384 3561 Domine.

195 3584 438 3643 Postoommuuio.
1124 3629 1127 3635 ·

196 3665 328 3724 Oaelestis
349 3666 420 3722 doni
439 3665 642 3723 benedictione
662 3669 799 3741 percepta
819 3663 964 3739 supplices
984 3668 1023 3735 te,
1043 3663 1126 3721 Deus
1145 3664 1338 3740 omnipotens,

135 3747 344 3823 deprecamur:
364 3754 400 3804 ut
413 3746 468 3803 hoc
480 3746 560 3803 idem
573 3746 659 3803 nobis
673 3751 704 3803 et
717 3744 893 3802 sacramenti
913 3764 1000 3801 causa
1019 3744 1067 3815 sit,
1082 3749 1113 3801 ct
1126 3745 1237 3803 salutis.
1280 3745 1340 3804 Per

137 3826 307 3885 Dominum.

197 3907 292 3984 Super
305 3908 462 3984 Populum.

198 3989 298 4061 Parce,
311 3990 448 4061 Domine,
461 4008 547 4066 perce
559 3989 668 4067 populo
682 3994 743 4059 tuo,
755 3994 790 4044 111
800 3987 897 4064 dignis
911 3986 1157 4063 flagellationibus
1171 3988 1337 4066 castigatus,

144 4067 174 4125 in
184 4074 236 4128 tua
248 4070 437 4129 miseratione
450 4071 582 4147 respiret.
626 4069 684 4127 Per
697 4069 870 4127 Dominum.

626 4265 725 4321 Fiam
746 4264 855 4322 Serri.

205 4346 340 4422 Officium.

83 4484 85 4513 Ε
204 4429 327 4488 Audirit
341 4429 489 4488 Dominus
510 4435 540 4487 et
560 4427 698 4485 misertus
718 4433 763 4485 est
784 4425 874 4485 mihi:
897 4425 1044 4486 Dominus
1058 4425 1152 4487 factus
1166 4434 1210 4486 cst
1224 4428 1356 4504 adjutor.

161 4518 234 4568 neus
865 4525 869 4534 ’

496 4606 516 4648 n
