2926 4996
501 359 605 427 l'eu‘a
625 383 652 428 u
671 367 747 448 post
767 362 987 430 Pentecosten.
1282 367 1346 436 157

141 527 243 588 Ovans
265 529 364 586 anima
384 548 464 587 nunc
485 536 586 588 nostra
606 529 677 587 boat
701 528 831 588 carmina
851 530 958 589 devota
978 549 1036 606 quo
1056 531 1196 608 suscipiat
1220 532 1345 592 caelestia

223 609 398 668 habitacula.

139 690 257 767 Pangat
268 691 362 748 omnis
373 691 481 749 chorda
490 699 591 750 nostra
601 691 719 749 sancta'
728 692 874 767 praeconia
887 697 947 765 tua,
960 697 995 748 ut
1009 711 1123 769 semper
1136 693 1186 770 pia
1199 693 1344 771 percipiat

223 772 405 829 charismata.

140 851 268 911 Omnem
286 853 362 909 hanc
376 871 486 910 meram
501 852 613 928 suscipe
631 852 794 925 melodiam,
809 858 846 910 ut
863 873 1003 931 queamus
1021 855 1158 912 scandere
1175 855 1296 913 luciflua
1314 862 1345 913 et

223 939 277 990 tua
290 934 365 990 celsa
379 939 409 990 et
424 934 527 990 decora
541 933 668 990 uranica.

140 1013 265 1071 Dudum
289 1021 402 1071 sacrata
424 1015 559 1070 imbuisti
581 1023 718 1091 pectora3
746 1033 827 1071 nunc
850 1033 904 1072 nos
927 1015 1006 1091 reple
1030 1015 1150 1089 lumine,
1171 1017 1342 1092 polorumve

221 1095 330 1171 gaudia
343 1095 427 1153 cedas
440 1101 581 1171 perpetua
594 1100 683 1171 atque
696 1114 794 1170 regua.

141 1174 183 1232 Te
196 1175 281 1233 decet
294 1176 358 1233 laus
371 1195 424 1252 per
437 1182 568 1251 tempora
582 1182 612 1232 et
625 1175 719 1251 gloria
732 1176 852 1246 siderea,
868 1175 894 1233 Ο
910 1176 1051 1234 Sanctum
1066 1177 1208 1235 Pneuma.

141 1256 186 1313 Tu
200 1257 314 1313 animas
328 1263 358 1314 et
372 1276 493 1333 corpora
505 1262 614 1328 nostra,
631 1255 755 1324 Christe,
771 1257 917 1332 possideas
931 1257 963 1314 in
978 1258 1155 1333 sempiterna
1169 1259 1254 1316 doxa.

201 1337 292 1396 Fata
313 1338 423 1411 quieta.
465 1336 621 1412 Sequentia
641 1337 732 1394 Alma
752 1338 865 1411 chorus,
880 1346 915 1395 ut
934 1357 1026 1414 supra
1046 1339 1136 1396 Feria
1156 1340 1187 1397 ii.
1212 1337 1268 1420 [oet
1286 1341 1344 1400 ista

140 1416 304 1494 Sequentia,
321 1419 399 1476 Laus
408 1417 654 1493 jocunda—MS.
671 1415 717 1497 0.]

200 1515 366 1574 Secuuduru
379 1516 545 1573 Joltauueut
561 1516 616 1591 (oi.
634 1515 749 1593 att-52).

200 1596 241 1654 In
264 1597 315 1654 illo
339 1604 478 1673 tempore,
502 1597 591 1654 Dixit
614 1597 701 1654 lesus
723 1595 873 1671 discipulis
895 1596 956 1653 suis
979 1603 1011 1654 et
1030 1598 1126 1655 turbis
1149 1598 1342 1673 ludaeorum,

141 1677 238 1734 Nemo
252 1684 349 1753 potest
361 1680 462 1735 venire
476 1678 513 1734 ad
530 1697 585 1748 me,
601 1677 660 1734 nisi
681 1677 770 1735 Pater
785 1697 876 1751 usque
889 1678 930 1735 ud
944 1683 974 1734 et
987 1678 1072 1754 panis
1086 1697 1171 1754 quem
1188 1700 1242 1756 ego
1256 1681 1340 1754 dabo,

140 1777 207 1816 caro
221 1778 286 1815 mea
300 1764 344 1815 est
356 1778 410 1835 pro
424 1759 529 1815 mundi
541 1759 611 1817 vita.

202 1839 392 1913 Offertorium.
435 1839 475 1896 In
488 1840 536 1896 die
550 1838 755 1896 sollemnitatis
764 1843 870 1896 vestrae
884 1839 957 1896 dicit
971 1839 1127 1913 Dominus,
1138 1841 1276 1898 inducam
1290 1862 1342 1900 vos

139 1919 172 1977 in
184 1925 295 1977 terram
308 1921 448 1977 fluentem
462 1920 506 1976 lac
521 1925 551 1977 et
565 1919 631 1991 mel,
646 1919 783 1995 alleluya.

199 2000 318 2059 Secreta.
362 2001 489 2076 Suscipe,
512 2020 687 2076 quaesumus,
703 2000 840 2072 Domine,
855 2019 964 2057 munus
985 2000 1117 2057 oblatum
1138 2008 1167 2058 et
1185 2002 1343 2079 dignanter

139 2101 267 2158 operare,
293 2089 329 2139 ut
355 2082 434 2157 quod
461 2082 608 2157 mysteriis
635 2081 749 2158 agimus
775 2083 832 2157 piis
860 2081 1013 2138 affectibus
1040 2082 1226 2140 celebremus.
1284 2083 1342 2142 Per

141 2163 311 2220 Dominum.

199 2243 347 2319 Praefatio.
392 2243 451 2312 Qui
463 2243 627 2300 ascendens.
671 2241 935 2300 Communicantes.

202 2323 382 2382 Cornutuue'a

200 2405 306 2462 Pacem
330 2424 425 2462 meam
450 2404 487 2461 do
510 2404 601 2474 vobis,
626 2403 771 2480 alleluya:
801 2423 902 2480 pacem
926 2403 1061 2479 relinquo
1085 2404 1177 2478 vobis,
1202 2405 1337 2482 alleluya,

140 2485 272 2561 alleluya.
782 2508 784 2513 ⁴

198 2567 439 2623 Postcomutuuia

199 2647 362 2719 SumenteS,
376 2647 512 2719 Domine,
525 2646 652 2705 caelestia
662 2651 850 2718 sacramenta,
863 2665 1029 2721 quasumus
1043 2645 1228 2705 clementiam
1243 2654 1339 2719 tuam3

141 2733 173 2785 ut
200 2728 279 2803 quod
310 2728 510 2804 temporaliter
540 2730 676 2805 gerimus,
709 2727 827 2785 aeternis
858 2727 972 2804 gaudiis
1004 2747 1224 2805 consequamur.
1282 2729 1340 2786 Per

142 2807 310 2866 Dominum.

609 2914 711 2972 Fauni
731 2916 861 2984 Qumm.
888 2969 891 2975 .

198 2994 338 3070 Officium.
1165 3054 1168 3059 .

197 3077 327 3152 Spiritus
348 3076 476 3149 Domini,
490 3085 524 3133 ut
536 3077 570 3133 e'u
578 3076 682 3151 priato
695 3076 770 3138 died
809 3077 851 3133 Et
864 3077 1027 3133 notandum
1043 3077 1121 3150 quod
1134 3076 1168 3132 t'u
1181 3075 1227 3132 tu
1247 3076 1339 3134 tribus

139 3156 246 3228 dubus,
260 3157 363 3214 scilicet
383 3157 472 3214 Feria
493 3158 605 3232 quinta,
621 3167 707 3229 sexta,
723 3166 748 3214 et
762 3155 894 3229 Sabbata,
912 3156 1044 3232 Officium
1057 3165 1124 3213 aute
1138 3156 1241 3213 Gloria
1255 3156 1339 3213 Patri

138 3248 283 3314 repetatur
299 3235 335 3318 [et
351 3238 476 3296 Gradale
484 3247 551 3314 post
571 3237 792 3296 Versum-MS.
810 3236 860 3317 D].

198 3319 308 3377 Oratio

196 3400 318 3471 Praesta,
332 3420 505 3476 quaesumus,
519 3400 704 3476 omnipotens
714 3406 744 3456 et
754 3399 916 3456 misericors
927 3398 1016 3471 Deus,
1029 3403 1064 3454 ut
1073 3398 1198 3454 Sanctus
1209 3397 1337 3473 Spiritus

132 3480 295 3538 adveniens
308 3482 451 3557 templum
465 3501 517 3538 nos
531 3481 630 3556 gloriae
645 3500 703 3538 suae
719 3481 874 3557 dignanter
890 3479 1083 3536 inhabitando
1098 3479 1236 3555 perficiat.
1280 3477 1338 3536 Per

130 3561 307 3620 Dominum.
350 3563 389 3618 In
402 3563 517 3619 unitate
532 3561 660 3637 ejusdem
675 3561 764 3619 Deus.

195 3643 292 3700 Lectio
305 3644 433 3700 Actuum
447 3643 648 3718 Apostolorum
665 3642 744 3718 (ciii.
763 3642 849 3718 5-8)

195 3724 235 3780 In
249 3724 351 3781 diebus
365 3725 440 3790 illus,
456 3724 611 3799 Philippus
631 3723 808 3781 descendens
821 3724 853 3780 in
867 3723 1018 3780 civitatem
1040 3721 1178 3779 Samariae
1193 3741 1282 3797 usque
1297 3721 1337 3780 ad

128 3805 276 3882 gaudium
291 3825 430 3881 magnum
443 3805 476 3861 in
489 3804 541 3861 illa
555 3804 683 3862 civitate.

195 3884 345 3961 Alleluya.
395 3886 423 3944 V.
447 3886 568 3942 Emitte.

196 3965 344 4042 Alleluya.
394 3967 422 4024 V.
446 3966 573 4043 Spiritus
587 3965 758 4024 Paraclitus.

195 4062 358 4139 Sequentia.

498 4144 600 4221 Lausi·
617 4144 747 4220 jocunda
759 4143 814 4200 lux
827 4141 959 4218 insignis,
1021 4201 1025 4207 ,

499 4226 565 4294 Qua
579 4226 615 4282 de
628 4225 735 4282 throno
749 4225 854 4281 missus
869 4224 944 4300 ignis

536 4307 575 4363 In
589 4306 701 4364 Christi
714 4305 878 4383 discipulos.

400 4455 413 4483 *
424 4453 568 4501 Om-Edd
716 4453 729 4514 †
745 4453 797 4498 MS.
814 4452 888 4498 B—e'u
898 4452 934 4497 die
944 4451 1070 4497 Dominica.

293 4514 306 4574 ss
318 4513 350 4559 So
361 4512 432 4562 Mss.
445 4514 492 4558 and
507 4513 567 4559 Edd.
600 4513 630 4559 In
641 4513 728 4561 Sarum
738 4512 886 4559 Edd-Lux
895 4512 1003 4572 iocunde,
1016 4511 1060 4556 lux
1069 4508 1180 4568 insignis.
